2872 5010
527 470 660 521 EPODON
685 470 800 521 bruun.

203 629 340 695 Credula
355 650 411 694 nec
426 650 515 692 ravos
530 628 660 693 timeant
672 641 811 693 armenta
827 627 941 703 leoneS,

244 735 402 818 Ametque
416 730 496 797 salsa
509 731 587 796 levis
601 731 708 798 hircus
723 753 856 816 aequora.

203 835 296 914 Haec,
311 849 342 901 et
355 857 427 921 quae
441 848 587 921 poterunt
602 835 721 900 reditus
736 834 914 900 abscindere
929 835 1046 911 dulces,
1111 838 1155 900 35

244 939 365 1003 Eamus
379 937 480 1001 omnis
495 951 657 1003 exsecrata
672 938 793 1016 civitas,

202 1041 269 1104 Aut
282 1062 353 1126 pars
368 1040 495 1105 indocili
510 1040 620 1105 melior
633 1062 749 1126 grege3
773 1040 875 1104 mollis
891 1052 923 1104 et
937 1061 1045 1124 exspes

247 1143 425 1208 lnominata
439 1142 609 1227 perprimat
624 1143 749 1208 cubilia.

203 1246 279 1323 Vos,
293 1246 405 1333 quibus
420 1260 467 1310 est
481 1245 591 1323 virtus,
609 1245 789 1310 muliebrem
806 1245 908 1311 tollite
923 1246 1054 1323 luctum,

246 1351 383 1413 Etmsca
396 1361 509 1431 praetcr
524 1362 555 1412 et
566 1347 669 1411 volate
682 1348 796 1413 littora.
988 1416 991 1421 ,
1111 1353 1154 1414 40

203 1453 234 1516 N
237 1474 270 1516 os
285 1465 390 1517 manet
404 1471 536 1515 oceanus
551 1449 786 1534 circumvagos:
812 1471 896 1527 arva,
911 1449 1003 1515 beata

246 1557 395 1619 Petamus
409 1575 495 1628 arva,
510 1552 624 1616 divites
639 1564 670 1616 ct
684 1552 820 1626 insulas3

202 1658 322 1722 Reddit
336 1657 391 1720 ubi
405 1656 549 1720 Cererem
565 1653 657 1719 tellus
672 1655 790 1718 inarata
804 1654 981 1738 quotannis,

245 1763 291 1824 Et
305 1760 458 1843 imputata
470 1756 561 1821 floret
575 1778 672 1842 usque
686 1757 788 1833 vinea,

201 1862 366 1928 Germinat
381 1875 412 1926 et
427 1858 738 1945 nunqnam-fallentis
753 1870 865 1924 termes
879 1859 980 1943 olivae,
1112 1865 1153 1926 45

248 1968 404 2049 Suamquc
418 1963 507 2048 pulla
521 1962 598 2027 ficus
612 1974 702 2026 ornat
716 1962 867 2042 arborem,

202 2066 304 2132 Mella
318 2087 394 2130 cava
407 2079 534 2130 manant
549 2087 588 2130 ex
602 2065 684 2143 ilice,
699 2065 857 2130 montibus
871 2065 943 2130 altis

245 2169 341 2234 Levis
355 2181 499 2253 crepante
513 2168 642 2251 lympha
656 2167 760 2232 desilit
775 2169 864 2251 pede.

203 2272 275 2336 Illic
289 2271 416 2355 injussae
431 2270 561 2334 veniunt
575 2270 615 2333 ad
630 2270 762 2334 mulctra
776 2270 915 2354 capellae,

244 2373 416 2458 Refertquc
431 2385 518 2437 tenta
532 2393 608 2455 grex
622 2370 740 2436 amicus
754 2372 871 2448 ubera;

200 2477 268 2542 Nec
283 2474 476 2559 vespertinus
491 2474 706 2558 circumgemit
718 2495 808 2539 ursus
823 2475 909 2553 ovili,

246 2579 315 2642 Nec
327 2575 506 2641 intumescit
520 2576 584 2640 alta
599 2576 712 2661 viperis
726 2576 858 2643 humus:

202 2682 359 2766 Pluraque
373 2678 479 2744 felices
490 2677 689 2753 mirabimur;
713 2692 750 2744 ut
764 2702 864 2766 neque
877 2681 972 2767 largis

245 2786 393 2868 Aqnosus
407 2781 515 2845 Eurus
526 2802 600 2846 arva
614 2782 703 2848 radat
718 2783 879 2863 imbribus,

201 2885 338 2970 Pinguia
352 2905 409 2948 nec
424 2883 514 2948 siccis
529 2897 659 2949 urantur
673 2886 790 2950 semina
804 2888 914 2972 glebis,

244 2988 424 3071 Utrumque
437 3007 510 3071 rege
525 2998 716 3072 temperante
731 2990 880 3056 coelitum.

201 3091 274 3153 Non
288 3088 351 3153 huc
365 3089 471 3173 Argoo
485 3089 645 3153 contendit
657 3091 775 3175 remige
790 3093 892 3176 pinus,

243 3192 354 3276 Neque
367 3190 526 3275 impudica
541 3190 667 3256 Colchis
681 3193 789 3258 intulit
803 3197 912 3280 pedem
926 3221 933 3260 :

201 3294 275 3357 Non
289 3292 352 3357 huc
368 3291 489 3356 Sidonii
505 3307 660 3358 torserunt
674 3317 790 3361 cornus
803 3311 919 3378 nautae,

244 3395 415 3460 Laboriosa
429 3416 486 3460 nec
501 3395 610 3460 cohors
625 3397 753 3482 Ulyssei
762 3415 773 3463 ':

199 3499 314 3580 [Nulla
327 3512 441 3563 nocent
454 3499 558 3583 pecori
573 3501 729 3586 contagia,
744 3503 862 3569 nullius
877 3508 950 3571 astri

244 3601 380 3687 Gregem
395 3614 528 3666 aestuosa
542 3615 637 3666 torret
651 3603 858 3689 impotentia]

195 3701 324 3785 Jupiter
335 3701 390 3767 illa
404 3702 467 3786 piae
481 3703 613 3767 secrevit
627 3702 733 3769 littora
747 3708 845 3790 genti,

242 3804 291 3867 Ut
305 3804 480 3889 inquinavit
494 3827 555 3869 aere
570 3818 693 3890 ternpus
708 3828 854 3873 aureum:

199 3903 289 3984 AEre,
304 3905 418 3972 dehinc
432 3907 513 3972 ferro
528 3907 653 3980 durarit
667 3910 800 3987 saecula3
824 3936 953 4000 quorurn

243 4009 311 4074 Piis
325 4011 461 4075 secunda
476 4023 547 4076 vate
561 4032 610 4076 me
624 4013 717 4077 datur
730 4015 814 4098 fuga.
