2872 5010
436 460 625 506 casurusne
650 453 716 502 tm.
741 460 787 504 rv.
810 440 840 502 4.

449 651 545 715 ODE
570 651 630 714 IV.
663 646 718 725 (rc.
741 650 830 729 xrx.)

190 814 343 889 Qosnnu
360 811 536 875 ministrum
553 809 694 874 fulminis
709 808 814 874 alitem

192 914 268 995 (Cui
283 934 337 976 rex
349 913 488 976 Deorum
503 935 635 997 regnum
651 912 683 974 iu
698 932 771 975 aves
786 930 881 993 vagas

232 1013 390 1091 Permisit,
406 1028 551 1098 expertus
566 1014 690 1079 fidelem

274 1115 401 1199 Jupiter
416 1115 447 1178 iu
464 1115 649 1200 Ganymede
663 1113 756 1193 flavo)

189 1215 274 1279 Olim
286 1216 433 1300 juventas
447 1230 478 1281 et
492 1218 611 1302 patrius
623 1218 711 1302 vigor

188 1317 274 1383 Nido
287 1318 427 1382 laborum
440 1320 578 1404 propulit
594 1320 739 1395 inscium,

230 1420 399 1504 Verniquc‚
407 1421 473 1505 jam
488 1420 603 1483 nimbis
617 1419 757 1494 remotis,

277 1517 425 1581 Insolitos
440 1517 571 1581 docuere
586 1515 673 1580 nisus

190 1618 283 1683 Venti
299 1632 482 1702 paventcm3
501 1639 573 1681 mox
587 1618 619 1682 in
636 1616 730 1680 ovilis

190 1719 327 1782 Demisit
338 1718 458 1782 hostem
473 1718 598 1783 vividus
613 1719 768 1802 impetum

233 1823 328 1885 Nunc
343 1821 376 1883 in
391 1821 579 1885 reluctantes
594 1820 742 1885 dracones

275 1923 354 2008 Egit
369 1944 455 1987 amor
469 1923 559 2008 dapis
574 1936 668 2009 atque
683 1945 818 2008 pugnae:

190 2025 359 2103 Qualemve
374 2026 455 2090 loetis
466 2049 577 2112 caprea
591 2024 714 2112 pascuis

189 2128 325 2205 Intenta‚
340 2127 436 2192 fulvae
452 2130 560 2193 matris
574 2130 615 2195 ab
629 2131 723 2194 ubere

231 2230 254 2290 J
256 2251 305 2292 am
320 2229 400 2293 lacte
415 2230 580 2314 depulsum
595 2229 729 2308 leonem,

275 2331 380 2394 Dente
394 2351 475 2394 novo
489 2330 638 2415 peritura,
654 2330 755 2393 vidit:

190 2431 304 2496 Videre
319 2432 444 2496 Rhaetis
460 2431 541 2496 bella
556 2432 613 2494 sub
630 2430 768 2515 Alpibus

190 2535 330 2598 Drusum
346 2546 503 2617 gerentem
520 2532 699 2610 Vindelicis
724 2532 836 2619 quibus

234 2638 309 2700 Mos
325 2636 407 2699 unde
423 2635 575 2699 deductus
590 2656 645 2719 per
660 2656 751 2699 omne

277 2738 419 2821 Tempus
433 2737 602 2802 Amazonia
616 2737 714 2801 securi

190 2840 328 2903 Dextras
342 2841 491 2917 obarmet,
507 2861 645 2924 quaerere
659 2840 778 2919 distuli,

191 2943 260 3005 Nec
276 2941 353 3006 scire
367 2943 414 3006 fas
430 2955 478 3006 est
493 2941 615 3006 omnia:
639 2943 695 3007 sed
710 2943 765 3007 diu

234 3043 375 3129 Lateque
388 3044 528 3108 victrices
543 3057 687 3123 catervae,

277 3145 425 3209 Consiliis
435 3146 561 3230 juvenis
576 3168 735 3231 repressae,

192 3245 320 3310 Sensere
334 3247 409 3333 qnid
424 3269 511 3311 mens
526 3248 596 3325 rite,
612 3249 687 3334 quid
701 3248 821 3313 indoles

191 3347 321 3411 Nutrita
334 3348 444 3412 faustis
459 3350 517 3412 sub
534 3351 745 3434 penetralibus

236 3451 356 3528 Posset,
371 3451 447 3536 quid
463 3453 602 3537 Augusti
617 3466 763 3538 paternus

279 3554 319 3616 In
334 3574 446 3637 pueros
460 3554 581 3617 animus
597 3555 745 3617 Nerones.

191 3654 329 3717 Fonrns
345 3669 486 3719 creantur
500 3655 649 3726 fortibus;
673 3666 705 3716 et
719 3652 809 3716 bonis

190 3758 252 3820 Est
266 3756 298 3818 in
309 3756 465 3841 juvencis,
481 3755 574 3819 estin
590 3753 676 3839 cquis
691 3766 814 3839 patrum

233 3859 362 3938 Virtus3
384 3881 442 3922 nec
457 3857 613 3920 imbellem
628 3857 744 3922 feroces

278 3961 490 4044 Progenerant
505 3959 618 4046 aquilae
633 3961 815 4027 columbam.

192 4061 345 4125 Doctrina
360 4063 413 4126 sed
429 4063 491 4125 vim
508 4079 667 4146 promovet
685 4065 828 4138 insitam;

191 4163 345 4246 Rectique
360 4161 462 4227 cultus
477 4178 604 4247 pectora
617 4164 781 4230 roborant:
