2872 5010
510 452 642 494 EPODON
667 453 783 495 LIBER.

234 607 304 669 Aut
318 603 417 668 fertur
431 604 550 667 incerto
566 602 652 665 mari.

193 707 378 792 Capaeiores
392 704 469 770 affer
478 705 552 782 huc,
568 725 656 788 puer,
672 704 817 789 scyphos,

234 812 279 874 Et
296 809 378 874 Chia
393 808 477 884 vina,
494 821 548 871 aut
565 807 702 879 Leabia;

194 912 265 988 Vel,
281 912 364 996 quod
379 909 526 974 fluentem
542 931 688 973 narueam
704 925 853 987 coereeat,

236 1013 353 1078 Metire
369 1012 457 1076 nobis
473 1012 654 1076 Caeoubum.

193 1118 308 1180 Curam
323 1127 501 1199 metumque
517 1113 650 1179 Caesaris
664 1137 764 1180 rerum
776 1115 869 1201 juvat

235 1216 330 1280 Dulci
346 1217 445 1300 Lyaeo
461 1215 588 1279 solvere.

457 1403 527 1411 —.
537 1406 541 1411 .
550 1405 848 1412 ffl-...-.-

556 1520 601 1582 x.
629 1517 682 1595 o.
707 1523 747 1599 ι.)

541 1697 579 1739 IN
604 1697 762 1740 valurr.

195 1824 308 1885 Mara
324 1819 425 1883 soluta
439 1817 528 1882 navis
543 1819 607 1882 exit
622 1818 707 1895 alite,

237 1924 355 1986 Ferens
371 1919 503 1984 olentem
520 1919 685 1983 Maevium.

194 2025 242 2087 Ut
256 2022 389 2087 horridis
404 2035 569 2106 utrumque
584 2018 726 2085 verberes
741 2020 833 2096 latua,

239 2127 369 2201 Auster,
386 2137 539 2187 memento
554 2120 714 2195 fluctibua3

196 2229 295 2313 Niger
310 2228 455 2291 rudentes
464 2229 589 2302 Eurus,
605 2225 728 2288 inverso
743 2224 832 2299 mari,

240 2331 430 2413 Fractusque
444 2348 544 2391 remos
555 2326 694 2398 differat;

146 2471 149 2480 «
196 2433 345 2515 Insurgat
357 2428 486 2514 Aquilo,
503 2441 637 2512 quantus
653 2425 724 2491 altis
738 2426 896 2492 montibus

238 2532 372 2616 Frangit
388 2543 553 2596 trementes
568 2529 675 2603 ilices;

194 2636 263 2699 Nec
278 2634 365 2698 sidus
380 2645 448 2698 atra
462 2645 553 2696 noete
568 2630 702 2696 amicum
718 2645 875 2716 appareat,

239 2737 310 2813 Qua
324 2734 420 2798 tristis
436 2733 534 2798 Orion
550 2733 655 2797 cadit:

196 2836 355 2915 Quietiore
370 2859 426 2901 nec
440 2837 558 2900 seratur
571 2858 706 2920 aequore,

242 2942 341 3018 Quam
359 2938 457 3004 Graia
471 2938 622 3002 victorum
638 2961 766 3018 manus;

197 3045 278 3107 Cum
295 3041 399 3105 Pallas
414 3053 485 3104 usto
500 3040 593 3104 vertit
607 3040 683 3106 iram
700 3041 739 3104 ab
755 3039 816 3103 Ilio

241 3145 281 3207 In
296 3144 421 3228 impiam
438 3141 542 3228 Ajacis
556 3155 663 3206 ratem.

198 3249 227 3311 Ο
243 3258 376 3331 quantus
391 3244 487 3308 instat
501 3244 616 3308 navitis
630 3245 725 3308 sudor
740 3242 812 3319 tuis,

240 3346 378 3430 Tibique
393 3345 492 3429 pallor
505 3345 619 3423 luteus,

197 3454 243 3516 Et
256 3449 311 3517 ilia
325 3470 386 3512 non
403 3446 503 3513 virilis
518 3448 657 3532 ejulatio,

241 3555 353 3617 Preces
368 3563 400 3615 et
415 3571 556 3615 aversum
573 3550 613 3614 ad
629 3553 651 3613 J
654 3572 761 3624 ovem;

199 3654 307 3718 Ionius
322 3653 385 3716 udo
400 3673 470 3715 eum
485 3651 660 3735 remugiens
675 3652 761 3715 sinus

244 3755 327 3817 Noto
342 3753 475 3816 carinam
490 3751 629 3835 ruperit!

200 3854 315 3939 Opima
329 3854 411 3938 quod
428 3853 453 3915 si
469 3853 576 3936 praeda
591 3874 685 3916 curvo
699 3853 803 3918 littore

243 3959 391 4020 Porrecta
405 3975 526 4039 mergos
537 3955 672 4039 juverim

199 4058 400 4123 Libidinosus
414 4056 623 4132 immolabitur
637 4081 739 4144 caper,

240 4162 285 4226 Et
301 4182 380 4243 agna
396 4159 663 4242 Tempestatibus.
