<?xml version="1.0" encoding="UTF-8"?>
<!DOCTYPE html PUBLIC "-//W3C//DTD XHTML 1.0 Transitional//EN"
    "http://www.w3.org/TR/xhtml1/DTD/xhtml1-transitional.dtd">
<html xmlns="http://www.w3.org/1999/xhtml" xml:lang="en" lang="en">
 <head>
  <title>
</title>
<meta http-equiv="Content-Type" content="text/html;charset=utf-8" />
  <meta name='ocr-system' content='tesseract 3.04.00' />
  <meta name='ocr-capabilities' content='ocr_page ocr_carea ocr_par ocr_line ocrx_word'/>
</head>
<body>
  <div class='ocr_page' id='page_1' title='image "./horatiusrestitu00tategoog_0424.png"; bbox 0 0 2872 5010; ppageno 0'>
   <div class='ocr_carea' id='block_1_1' title="bbox 488 483 1217 550">
    <p class='ocr_par' dir='ltr' id='par_1_1' title="bbox 488 483 1217 550">
     <span class='ocr_line' id='line_1_1' title="bbox 488 483 1217 550; baseline 0.01 -7"><span class='ocrx_word' id='word_1_1' title='bbox 488 501 730 545; x_wconf 67' lang='lat' dir='ltr'><strong>nrrsronunuu</strong></span> <span class='ocrx_word' id='word_1_2' title='bbox 756 503 823 544; x_wconf 84' lang='lat' dir='ltr'><strong>nra.</strong></span> <span class='ocrx_word' id='word_1_3' title='bbox 848 483 945 546; x_wconf 85' lang='lat'>1.16.</span> <span class='ocrx_word' id='word_1_4' title='bbox 1153 483 1217 550; x_wconf 83' lang='grc'><strong>189</strong></span> 
     </span>
    </p>
   </div>
   <div class='ocr_carea' id='block_1_2' title="bbox 219 649 1110 830">
    <p class='ocr_par' dir='ltr' id='par_1_2' title="bbox 219 649 1110 830">
     <span class='ocr_line' id='line_1_2' title="bbox 219 649 1110 736; baseline 0.007 -25"><span class='ocrx_word' id='word_1_5' title='bbox 219 650 376 712; x_wconf 86' lang='lat' dir='ltr'>Nimirum</span> <span class='ocrx_word' id='word_1_6' title='bbox 393 649 444 712; x_wconf 92' lang='lat' dir='ltr'><strong>bic</strong></span> <span class='ocrx_word' id='word_1_7' title='bbox 458 672 516 733; x_wconf 86' lang='lat' dir='ltr'><strong>ego</strong></span> <span class='ocrx_word' id='word_1_8' title='bbox 531 673 597 713; x_wconf 89' lang='lat' dir='ltr'><strong>sum</strong></span> <span class='ocrx_word' id='word_1_9' title='bbox 610 677 617 714; x_wconf 93' lang='lat'>:</span> <span class='ocrx_word' id='word_1_10' title='bbox 641 674 713 715; x_wconf 87' lang='lat' dir='ltr'><strong>nam</strong></span> <span class='ocrx_word' id='word_1_11' title='bbox 730 666 798 716; x_wconf 90' lang='lat' dir='ltr'><strong>tuta</strong></span> <span class='ocrx_word' id='word_1_12' title='bbox 811 665 843 716; x_wconf 89' lang='lat' dir='ltr'><strong>et</strong></span> <span class='ocrx_word' id='word_1_13' title='bbox 858 651 988 736; x_wconf 75' lang='lat' dir='ltr'><strong>parvula</strong></span> <span class='ocrx_word' id='word_1_14' title='bbox 1003 651 1110 729; x_wconf 78' lang='lat' dir='ltr'><strong>laudo,</strong></span> 
     </span>
     <span class='ocr_line' id='line_1_3' title="bbox 220 751 938 830; baseline 0.003 -16"><span class='ocrx_word' id='word_1_15' title='bbox 220 754 300 814; x_wconf 93' lang='lat' dir='ltr'><strong>Cum</strong></span> <span class='ocrx_word' id='word_1_16' title='bbox 316 774 363 814; x_wconf 88' lang='lat' dir='ltr'><strong>res</strong></span> <span class='ocrx_word' id='word_1_17' title='bbox 378 751 538 830; x_wconf 88' lang='lat' dir='ltr'><strong>deliciunt,</strong></span> <span class='ocrx_word' id='word_1_18' title='bbox 555 754 630 818; x_wconf 85' lang='lat' dir='ltr'><strong>satis</strong></span> <span class='ocrx_word' id='word_1_19' title='bbox 646 755 728 817; x_wconf 88' lang='lat' dir='ltr'><strong>inter</strong></span> <span class='ocrx_word' id='word_1_20' title='bbox 741 754 816 819; x_wconf 86' lang='lat' dir='ltr'><strong>vilia</strong></span> <span class='ocrx_word' id='word_1_21' title='bbox 829 754 938 817; x_wconf 87' lang='lat' dir='ltr'><strong>fortis:</strong></span> 
     </span>
    </p>
   </div>
   <div class='ocr_carea' id='block_1_3' title="bbox 221 853 1088 941">
    <p class='ocr_par' dir='ltr' id='par_1_3' title="bbox 221 853 1088 941">
     <span class='ocr_line' id='line_1_4' title="bbox 221 853 1088 941; baseline 0.008 -27"><span class='ocrx_word' id='word_1_22' title='bbox 221 855 334 916; x_wconf 87' lang='lat' dir='ltr'><strong>Verum</strong></span> <span class='ocrx_word' id='word_1_23' title='bbox 351 853 404 916; x_wconf 94' lang='lat' dir='ltr'><strong>ubi</strong></span> <span class='ocrx_word' id='word_1_24' title='bbox 421 854 495 937; x_wconf 93' lang='lat' dir='ltr'><strong>quid</strong></span> <span class='ocrx_word' id='word_1_25' title='bbox 512 856 623 919; x_wconf 92' lang='lat' dir='ltr'><strong>melius</strong></span> <span class='ocrx_word' id='word_1_26' title='bbox 638 857 793 941; x_wconf 82' lang='lat' dir='ltr'><strong>contingit</strong></span> <span class='ocrx_word' id='word_1_27' title='bbox 807 868 840 920; x_wconf 85' lang='lat' dir='ltr'><strong>et</strong></span> <span class='ocrx_word' id='word_1_28' title='bbox 853 857 991 936; x_wconf 84' lang='lat' dir='ltr'><strong>unctius,</strong></span> <span class='ocrx_word' id='word_1_29' title='bbox 1005 857 1088 921; x_wconf 85' lang='lat' dir='ltr'><strong>idem</strong></span> 
     </span>
    </p>
   </div>
   <div class='ocr_carea' id='block_1_4' title="bbox 218 955 1218 1141">
    <p class='ocr_par' dir='ltr' id='par_1_4' title="bbox 218 955 1218 1141">
     <span class='ocr_line' id='line_1_5' title="bbox 219 955 1218 1042; baseline 0.005 -26"><span class='ocrx_word' id='word_1_30' title='bbox 219 956 281 1016; x_wconf 91' lang='lat' dir='ltr'><strong>Vos</strong></span> <span class='ocrx_word' id='word_1_31' title='bbox 297 977 403 1035; x_wconf 84' lang='lat' dir='ltr'>sapere</span> <span class='ocrx_word' id='word_1_32' title='bbox 418 968 449 1017; x_wconf 91' lang='lat' dir='ltr'><strong>et</strong></span> <span class='ocrx_word' id='word_1_33' title='bbox 464 955 544 1018; x_wconf 90' lang='lat' dir='ltr'><strong>solos</strong></span> <span class='ocrx_word' id='word_1_34' title='bbox 559 957 608 1019; x_wconf 90' lang='lat' dir='ltr'><strong>aio</strong></span> <span class='ocrx_word' id='word_1_35' title='bbox 624 958 703 1019; x_wconf 92' lang='lat' dir='ltr'><strong>bene</strong></span> <span class='ocrx_word' id='word_1_36' title='bbox 719 958 835 1032; x_wconf 82' lang='lat' dir='ltr'><strong>vivere,</strong></span> <span class='ocrx_word' id='word_1_37' title='bbox 851 979 982 1042; x_wconf 90' lang='lat' dir='ltr'><strong>quornm</strong></span> <span class='ocrx_word' id='word_1_38' title='bbox 1176 961 1218 1021; x_wconf 77' lang='lat'><strong>45</strong></span> 
     </span>
     <span class='ocr_line' id='line_1_6' title="bbox 218 1055 944 1141; baseline 0.007 -24"><span class='ocrx_word' id='word_1_39' title='bbox 218 1056 418 1140; x_wconf 83' lang='lat' dir='ltr'>Conspicitur</span> <span class='ocrx_word' id='word_1_40' title='bbox 432 1055 540 1119; x_wconf 92' lang='lat' dir='ltr'><strong>nitidis</strong></span> <span class='ocrx_word' id='word_1_41' title='bbox 555 1056 686 1120; x_wconf 83' lang='lat' dir='ltr'><strong>fundata</strong></span> <span class='ocrx_word' id='word_1_42' title='bbox 702 1060 835 1141; x_wconf 81' lang='lat' dir='ltr'><strong>pecunia</strong></span> <span class='ocrx_word' id='word_1_43' title='bbox 850 1059 944 1123; x_wconf 85' lang='lat' dir='ltr'><strong>villis.</strong></span> 
     </span>
    </p>
   </div>
   <div class='ocr_carea' id='block_1_5' title="bbox 522 1428 908 1493">
    <p class='ocr_par' dir='ltr' id='par_1_5' title="bbox 522 1428 908 1493">
     <span class='ocr_line' id='line_1_7' title="bbox 522 1428 908 1493; baseline 0.005 -3"><span class='ocrx_word' id='word_1_44' title='bbox 522 1428 765 1491; x_wconf 87' lang='lat' dir='ltr'><strong>EPISTOLA</strong></span> <span class='ocrx_word' id='word_1_45' title='bbox 809 1431 908 1493; x_wconf 85' lang='lat' dir='ltr'><strong>XVI.</strong></span> 
     </span>
    </p>
   </div>
   <div class='ocr_carea' id='block_1_6' title="bbox 584 1605 864 1651">
    <p class='ocr_par' dir='ltr' id='par_1_6' title="bbox 584 1605 864 1651">
     <span class='ocr_line' id='line_1_8' title="bbox 584 1605 864 1651; baseline 0 -4"><span class='ocrx_word' id='word_1_46' title='bbox 584 1607 632 1647; x_wconf 79' lang='lat' dir='ltr'><strong>AD</strong></span> <span class='ocrx_word' id='word_1_47' title='bbox 656 1605 864 1651; x_wconf 68' lang='lat' dir='ltr'><strong>eumenum.</strong></span> 
     </span>
    </p>
   </div>
   <div class='ocr_carea' id='block_1_7' title="bbox 217 1752 1218 4274">
    <p class='ocr_par' dir='ltr' id='par_1_7' title="bbox 219 1752 1027 1838">
     <span class='ocr_line' id='line_1_9' title="bbox 219 1752 1027 1838; baseline -0.002 -20"><span class='ocrx_word' id='word_1_48' title='bbox 219 1757 274 1818; x_wconf 82' lang='lat' dir='ltr'><strong>Nn</strong></span> <span class='ocrx_word' id='word_1_49' title='bbox 291 1753 494 1838; x_wconf 83' lang='lat' dir='ltr'>perconteris,</span> <span class='ocrx_word' id='word_1_50' title='bbox 509 1752 626 1816; x_wconf 88' lang='lat' dir='ltr'><strong>fundus</strong></span> <span class='ocrx_word' id='word_1_51' title='bbox 641 1774 740 1828; x_wconf 87' lang='lat' dir='ltr'><strong>meus,</strong></span> <span class='ocrx_word' id='word_1_52' title='bbox 756 1753 872 1836; x_wconf 90' lang='lat' dir='ltr'><strong>optime</strong></span> <span class='ocrx_word' id='word_1_53' title='bbox 888 1753 1027 1831; x_wconf 84' lang='lat' dir='ltr'><strong>Quincti,</strong></span> 
     </span>
    </p>

    <p class='ocr_par' dir='ltr' id='par_1_8' title="bbox 218 1854 1218 2853">
     <span class='ocr_line' id='line_1_10' title="bbox 218 1854 1033 1939; baseline -0.002 -19"><span class='ocrx_word' id='word_1_54' title='bbox 218 1861 308 1920; x_wconf 88' lang='lat' dir='ltr'><strong>Arvo</strong></span> <span class='ocrx_word' id='word_1_55' title='bbox 323 1868 429 1939; x_wconf 91' lang='lat' dir='ltr'><strong>pascat</strong></span> <span class='ocrx_word' id='word_1_56' title='bbox 444 1854 566 1933; x_wconf 89' lang='lat' dir='ltr'><strong>herum,</strong></span> <span class='ocrx_word' id='word_1_57' title='bbox 583 1878 623 1919; x_wconf 91' lang='lat' dir='ltr'><strong>an</strong></span> <span class='ocrx_word' id='word_1_58' title='bbox 638 1855 740 1919; x_wconf 80' lang='lat' dir='ltr'>baccis</span> <span class='ocrx_word' id='word_1_59' title='bbox 756 1855 915 1939; x_wconf 87' lang='lat' dir='ltr'><strong>opulentet</strong></span> <span class='ocrx_word' id='word_1_60' title='bbox 930 1856 1033 1934; x_wconf 84' lang='lat' dir='ltr'><strong>olivae,</strong></span> 
     </span>
     <span class='ocr_line' id='line_1_11' title="bbox 219 1956 992 2041; baseline -0.004 -19"><span class='ocrx_word' id='word_1_61' title='bbox 219 1959 376 2035; x_wconf 90' lang='lat' dir='ltr'><strong>Pomisnc,</strong></span> <span class='ocrx_word' id='word_1_62' title='bbox 393 1980 431 2020; x_wconf 89' lang='lat' dir='ltr'><strong>an</strong></span> <span class='ocrx_word' id='word_1_63' title='bbox 447 1958 555 2041; x_wconf 88' lang='lat' dir='ltr'><strong>pratis,</strong></span> <span class='ocrx_word' id='word_1_64' title='bbox 572 1980 611 2020; x_wconf 83' lang='lat' dir='ltr'><strong>an</strong></span> <span class='ocrx_word' id='word_1_65' title='bbox 627 1958 741 2022; x_wconf 86' lang='lat' dir='ltr'><strong>amicta</strong></span> <span class='ocrx_word' id='word_1_66' title='bbox 756 1956 871 2019; x_wconf 85' lang='lat' dir='ltr'><strong>vitibus</strong></span> <span class='ocrx_word' id='word_1_67' title='bbox 886 1956 992 2019; x_wconf 89' lang='lat' dir='ltr'><strong>ulmo:</strong></span> 
     </span>
     <span class='ocr_line' id='line_1_12' title="bbox 219 2059 991 2144; baseline -0.006 -21"><span class='ocrx_word' id='word_1_68' title='bbox 219 2061 376 2124; x_wconf 90' lang='lat' dir='ltr'><strong>Scribetur</strong></span> <span class='ocrx_word' id='word_1_69' title='bbox 392 2059 447 2123; x_wconf 89' lang='lat' dir='ltr'><strong>tibi</strong></span> <span class='ocrx_word' id='word_1_70' title='bbox 464 2059 561 2123; x_wconf 84' lang='lat' dir='ltr'><strong>forma</strong></span> <span class='ocrx_word' id='word_1_71' title='bbox 576 2060 758 2144; x_wconf 83' lang='lat' dir='ltr'><strong>loquaciter,</strong></span> <span class='ocrx_word' id='word_1_72' title='bbox 774 2072 806 2122; x_wconf 88' lang='lat' dir='ltr'><strong>et</strong></span> <span class='ocrx_word' id='word_1_73' title='bbox 821 2059 899 2123; x_wconf 87' lang='lat' dir='ltr'><strong>situs</strong></span> <span class='ocrx_word' id='word_1_74' title='bbox 914 2060 991 2143; x_wconf 83' lang='lat' dir='ltr'><strong>agri.</strong></span> 
     </span>
     <span class='ocr_line' id='line_1_13' title="bbox 218 2160 1218 2242; baseline 0.002 -17"><span class='ocrx_word' id='word_1_75' title='bbox 218 2161 368 2225; x_wconf 86' lang='lat' dir='ltr'><strong>Continui</strong></span> <span class='ocrx_word' id='word_1_76' title='bbox 384 2173 514 2235; x_wconf 88' lang='lat' dir='ltr'><strong>montes,</strong></span> <span class='ocrx_word' id='word_1_77' title='bbox 531 2160 591 2222; x_wconf 88' lang='lat' dir='ltr'><strong>nisi</strong></span> <span class='ocrx_word' id='word_1_78' title='bbox 607 2161 812 2223; x_wconf 81' lang='lat' dir='ltr'><strong>dissocientur</strong></span> <span class='ocrx_word' id='word_1_79' title='bbox 826 2183 923 2242; x_wconf 87' lang='lat' dir='ltr'><strong>opaca</strong></span> <span class='ocrx_word' id='word_1_80' title='bbox 1197 2169 1218 2227; x_wconf 90' lang='grc'><strong><em>5</em></strong></span> 
     </span>
     <span class='ocr_line' id='line_1_14' title="bbox 218 2261 1087 2345; baseline -0.001 -20"><span class='ocrx_word' id='word_1_81' title='bbox 218 2262 326 2335; x_wconf 82' lang='lat' dir='ltr'><strong>Valle3</strong></span> <span class='ocrx_word' id='word_1_82' title='bbox 353 2262 407 2324; x_wconf 91' lang='lat' dir='ltr'><strong>sed</strong></span> <span class='ocrx_word' id='word_1_83' title='bbox 424 2274 458 2322; x_wconf 91' lang='lat' dir='ltr'><strong>ut</strong></span> <span class='ocrx_word' id='word_1_84' title='bbox 475 2261 603 2323; x_wconf 84' lang='lat' dir='ltr'><strong>veniens</strong></span> <span class='ocrx_word' id='word_1_85' title='bbox 618 2262 762 2323; x_wconf 86' lang='lat' dir='ltr'><strong>dextrum</strong></span> <span class='ocrx_word' id='word_1_86' title='bbox 778 2261 860 2323; x_wconf 88' lang='lat' dir='ltr'><strong>latus</strong></span> <span class='ocrx_word' id='word_1_87' title='bbox 874 2262 1005 2345; x_wconf 73' lang='lat' dir='ltr'><strong>aspiciat</strong></span> <span class='ocrx_word' id='word_1_88' title='bbox 1021 2264 1087 2340; x_wconf 89' lang='lat' dir='ltr'><strong>Sol,</strong></span> 
     </span>
     <span class='ocr_line' id='line_1_15' title="bbox 218 2361 937 2446; baseline -0.003 -20"><span class='ocrx_word' id='word_1_89' title='bbox 218 2365 351 2426; x_wconf 84' lang='lat' dir='ltr'><strong>Laevum</strong></span> <span class='ocrx_word' id='word_1_90' title='bbox 369 2363 522 2425; x_wconf 82' lang='lat' dir='ltr'><strong>decedens</strong></span> <span class='ocrx_word' id='word_1_91' title='bbox 537 2384 630 2424; x_wconf 91' lang='lat' dir='ltr'><strong>curru</strong></span> <span class='ocrx_word' id='word_1_92' title='bbox 644 2361 785 2446; x_wconf 82' lang='lat' dir='ltr'><strong>fugiente</strong></span> <span class='ocrx_word' id='word_1_93' title='bbox 800 2376 937 2444; x_wconf 80' lang='lat' dir='ltr'><strong>vaporet.</strong></span> 
     </span>
     <span class='ocr_line' id='line_1_16' title="bbox 220 2463 1060 2548; baseline 0.001 -20"><span class='ocrx_word' id='word_1_94' title='bbox 220 2464 419 2548; x_wconf 88' lang='lat' dir='ltr'><strong>Temperiem</strong></span> <span class='ocrx_word' id='word_1_95' title='bbox 434 2463 551 2527; x_wconf 85' lang='lat' dir='ltr'><strong>laudes.</strong></span> <span class='ocrx_word' id='word_1_96' title='bbox 598 2463 683 2542; x_wconf 84' lang='lat' dir='ltr'><strong>Quid</strong></span> <span class='ocrx_word' id='word_1_97' title='bbox 698 2464 724 2526; x_wconf 91' lang='lat' dir='ltr'><strong>si</strong></span> <span class='ocrx_word' id='word_1_98' title='bbox 740 2464 913 2527; x_wconf 82' lang='lat' dir='ltr'><strong>rubicunda</strong></span> <span class='ocrx_word' id='word_1_99' title='bbox 925 2463 1060 2547; x_wconf 76' lang='lat' dir='ltr'><strong>benigne</strong></span> 
     </span>
     <span class='ocr_line' id='line_1_17' title="bbox 220 2565 1072 2650; baseline -0.001 -19"><span class='ocrx_word' id='word_1_100' title='bbox 220 2571 324 2631; x_wconf 87' lang='lat' dir='ltr'><strong>Coma</strong></span> <span class='ocrx_word' id='word_1_101' title='bbox 340 2587 449 2649; x_wconf 86' lang='lat' dir='ltr'><strong>vepres</strong></span> <span class='ocrx_word' id='word_1_102' title='bbox 464 2579 494 2628; x_wconf 92' lang='lat' dir='ltr'><strong>et</strong></span> <span class='ocrx_word' id='word_1_103' title='bbox 510 2586 611 2647; x_wconf 86' lang='lat' dir='ltr'><strong>pruna</strong></span> <span class='ocrx_word' id='word_1_104' title='bbox 624 2566 754 2628; x_wconf 82' lang='lat' dir='ltr'><strong>lerunt?</strong></span> <span class='ocrx_word' id='word_1_105' title='bbox 778 2565 803 2627; x_wconf 91' lang='lat' dir='ltr'><strong>si</strong></span> <span class='ocrx_word' id='word_1_106' title='bbox 819 2588 950 2650; x_wconf 85' lang='lat' dir='ltr'><strong>quercus</strong></span> <span class='ocrx_word' id='word_1_107' title='bbox 964 2580 996 2630; x_wconf 87' lang='lat' dir='ltr'><strong>et</strong></span> <span class='ocrx_word' id='word_1_108' title='bbox 1010 2567 1072 2631; x_wconf 83' lang='lat' dir='ltr'><strong>ilex</strong></span> 
     </span>
     <span class='ocr_line' id='line_1_18' title="bbox 219 2667 1217 2750; baseline 0.004 -20"><span class='ocrx_word' id='word_1_109' title='bbox 219 2668 325 2730; x_wconf 88' lang='lat' dir='ltr'><strong>Multa</strong></span> <span class='ocrx_word' id='word_1_110' title='bbox 340 2667 430 2749; x_wconf 87' lang='lat' dir='ltr'><strong>fruge</strong></span> <span class='ocrx_word' id='word_1_111' title='bbox 445 2688 550 2750; x_wconf 83' lang='lat' dir='ltr'><strong>pecus,</strong></span> <span class='ocrx_word' id='word_1_112' title='bbox 564 2667 663 2730; x_wconf 88' lang='lat' dir='ltr'><strong>multa</strong></span> <span class='ocrx_word' id='word_1_113' title='bbox 677 2667 836 2730; x_wconf 90' lang='lat' dir='ltr'><strong>dominum</strong></span> <span class='ocrx_word' id='word_1_114' title='bbox 846 2668 939 2750; x_wconf 82' lang='lat' dir='ltr'><strong>jurat</strong></span> <span class='ocrx_word' id='word_1_115' title='bbox 954 2670 1087 2733; x_wconf 84' lang='lat' dir='ltr'><strong>umbra?</strong></span> <span class='ocrx_word' id='word_1_116' title='bbox 1175 2671 1217 2734; x_wconf 89' lang='grc'><strong>10</strong></span> 
     </span>
     <span class='ocr_line' id='line_1_19' title="bbox 219 2768 1000 2853; baseline -0.003 -21"><span class='ocrx_word' id='word_1_117' title='bbox 219 2771 316 2833; x_wconf 89' lang='lat' dir='ltr'><strong>Dicas</strong></span> <span class='ocrx_word' id='word_1_118' title='bbox 332 2771 502 2834; x_wconf 87' lang='lat' dir='ltr'><strong>adductum</strong></span> <span class='ocrx_word' id='word_1_119' title='bbox 518 2769 645 2853; x_wconf 92' lang='lat' dir='ltr'><strong>propius</strong></span> <span class='ocrx_word' id='word_1_120' title='bbox 659 2768 801 2832; x_wconf 87' lang='lat' dir='ltr'><strong>frondere</strong></span> <span class='ocrx_word' id='word_1_121' title='bbox 818 2770 1000 2833; x_wconf 76' lang='lat' dir='ltr'><strong>Tarentum.</strong></span> 
     </span>
    </p>

    <p class='ocr_par' dir='ltr' id='par_1_9' title="bbox 219 2872 1048 3158">
     <span class='ocr_line' id='line_1_20' title="bbox 219 2872 1001 2947; baseline 0 -13"><span class='ocrx_word' id='word_1_122' title='bbox 219 2874 304 2935; x_wconf 85' lang='lat' dir='ltr'><strong>Fons</strong></span> <span class='ocrx_word' id='word_1_123' title='bbox 321 2872 414 2935; x_wconf 89' lang='lat' dir='ltr'><strong>etiam</strong></span> <span class='ocrx_word' id='word_1_124' title='bbox 430 2873 497 2935; x_wconf 85' lang='lat' dir='ltr'><strong>rivo</strong></span> <span class='ocrx_word' id='word_1_125' title='bbox 512 2874 587 2935; x_wconf 91' lang='lat' dir='ltr'><strong>dare</strong></span> <span class='ocrx_word' id='word_1_126' title='bbox 602 2893 713 2934; x_wconf 85' lang='lat' dir='ltr'><strong>nomen</strong></span> <span class='ocrx_word' id='word_1_127' title='bbox 728 2872 870 2947; x_wconf 87' lang='lat' dir='ltr'><strong>idoneus,</strong></span> <span class='ocrx_word' id='word_1_128' title='bbox 886 2884 921 2934; x_wconf 92' lang='lat' dir='ltr'><strong>ut</strong></span> <span class='ocrx_word' id='word_1_129' title='bbox 943 2893 1001 2934; x_wconf 87' lang='lat' dir='ltr'><strong>nec</strong></span> 
     </span>
     <span class='ocr_line' id='line_1_21' title="bbox 219 2973 1048 3057; baseline 0 -21"><span class='ocrx_word' id='word_1_130' title='bbox 219 2974 376 3057; x_wconf 83' lang='lat' dir='ltr'><strong>Frigidior</strong></span> <span class='ocrx_word' id='word_1_131' title='bbox 393 2973 562 3050; x_wconf 88' lang='lat' dir='ltr'><strong>Thracam,</strong></span> <span class='ocrx_word' id='word_1_132' title='bbox 579 2995 636 3036; x_wconf 91' lang='lat' dir='ltr'><strong>nec</strong></span> <span class='ocrx_word' id='word_1_133' title='bbox 650 2973 755 3056; x_wconf 90' lang='lat' dir='ltr'><strong>pun&#39;or</strong></span> <span class='ocrx_word' id='word_1_134' title='bbox 769 2973 885 3036; x_wconf 88' lang='lat' dir='ltr'><strong>ambiat</strong></span> <span class='ocrx_word' id='word_1_135' title='bbox 902 2973 1048 3046; x_wconf 86' lang='lat' dir='ltr'><strong>Hebrus;</strong></span> 
     </span>
     <span class='ocr_line' id='line_1_22' title="bbox 220 3074 853 3158; baseline -0.003 -23"><span class='ocrx_word' id='word_1_136' title='bbox 220 3075 350 3137; x_wconf 87' lang='lat' dir='ltr'><strong>Infirmo</strong></span> <span class='ocrx_word' id='word_1_137' title='bbox 365 3075 459 3158; x_wconf 92' lang='lat' dir='ltr'><strong>capiti</strong></span> <span class='ocrx_word' id='word_1_138' title='bbox 476 3075 545 3137; x_wconf 89' lang='lat' dir='ltr'><strong>fluit</strong></span> <span class='ocrx_word' id='word_1_139' title='bbox 561 3075 658 3150; x_wconf 89' lang='lat' dir='ltr'><strong>utilis,</strong></span> <span class='ocrx_word' id='word_1_140' title='bbox 673 3074 759 3136; x_wconf 92' lang='lat' dir='ltr'><strong>utilis</strong></span> <span class='ocrx_word' id='word_1_141' title='bbox 774 3074 853 3136; x_wconf 84' lang='lat' dir='ltr'><strong>alvo.</strong></span> 
     </span>
    </p>

    <p class='ocr_par' dir='ltr' id='par_1_10' title="bbox 220 3176 1072 3464">
     <span class='ocr_line' id='line_1_23' title="bbox 220 3176 999 3252; baseline 0 -15"><span class='ocrx_word' id='word_1_142' title='bbox 220 3178 282 3238; x_wconf 75' lang='lat' dir='ltr'><strong>Ha</strong></span> <span class='ocrx_word' id='word_1_143' title='bbox 297 3178 425 3240; x_wconf 71' lang='lat' dir='ltr'><strong>latebrae</strong></span> <span class='ocrx_word' id='word_1_144' title='bbox 441 3178 560 3251; x_wconf 90' lang='lat' dir='ltr'><strong>dulces,</strong></span> <span class='ocrx_word' id='word_1_145' title='bbox 569 3177 675 3252; x_wconf 89' lang='lat' dir='ltr'><strong>etiam,</strong></span> <span class='ocrx_word' id='word_1_146' title='bbox 688 3176 713 3237; x_wconf 88' lang='lat' dir='ltr'><strong>si</strong></span> <span class='ocrx_word' id='word_1_147' title='bbox 728 3177 840 3252; x_wconf 87' lang='lat' dir='ltr'><strong>credis,</strong></span> <span class='ocrx_word' id='word_1_148' title='bbox 856 3196 999 3251; x_wconf 79' lang='lat' dir='ltr'><strong>amoenae,</strong></span> 
     </span>
     <span class='ocr_line' id='line_1_24' title="bbox 220 3276 1072 3360; baseline -0.001 -20"><span class='ocrx_word' id='word_1_149' title='bbox 220 3279 413 3341; x_wconf 87' lang='lat' dir='ltr'><strong>Incolumem</strong></span> <span class='ocrx_word' id='word_1_150' title='bbox 431 3279 487 3341; x_wconf 91' lang='lat' dir='ltr'><strong>tibi</strong></span> <span class='ocrx_word' id='word_1_151' title='bbox 502 3300 552 3341; x_wconf 88' lang='lat' dir='ltr'><strong>me</strong></span> <span class='ocrx_word' id='word_1_152' title='bbox 567 3291 715 3360; x_wconf 75' lang='lat' dir='ltr'><strong>praestant</strong></span> <span class='ocrx_word' id='word_1_153' title='bbox 732 3277 964 3360; x_wconf 89' lang='lat' dir='ltr'><strong>Septembribus</strong></span> <span class='ocrx_word' id='word_1_154' title='bbox 978 3276 1072 3339; x_wconf 90' lang='lat' dir='ltr'><strong>boris.</strong></span> 
     </span>
     <span class='ocr_line' id='line_1_25' title="bbox 220 3379 926 3464; baseline 0.001 -24"><span class='ocrx_word' id='word_1_155' title='bbox 220 3381 276 3441; x_wconf 89' lang='lat' dir='ltr'><strong>Tu</strong></span> <span class='ocrx_word' id='word_1_156' title='bbox 290 3393 373 3442; x_wconf 87' lang='lat' dir='ltr'><strong>recte</strong></span> <span class='ocrx_word' id='word_1_157' title='bbox 388 3380 480 3456; x_wconf 90' lang='lat' dir='ltr'><strong>vivis,</strong></span> <span class='ocrx_word' id='word_1_158' title='bbox 496 3379 521 3441; x_wconf 88' lang='lat' dir='ltr'><strong>si</strong></span> <span class='ocrx_word' id='word_1_159' title='bbox 537 3402 625 3443; x_wconf 88' lang='lat' dir='ltr'><strong>curas</strong></span> <span class='ocrx_word' id='word_1_160' title='bbox 640 3380 802 3464; x_wconf 88' lang='lat' dir='ltr'><strong>essequod</strong></span> <span class='ocrx_word' id='word_1_161' title='bbox 817 3380 926 3442; x_wconf 90' lang='lat' dir='ltr'><strong>audis:</strong></span> 
     </span>
    </p>

    <p class='ocr_par' dir='ltr' id='par_1_11' title="bbox 219 3480 1019 3564">
     <span class='ocr_line' id='line_1_26' title="bbox 219 3480 1019 3564; baseline 0.003 -23"><span class='ocrx_word' id='word_1_162' title='bbox 219 3481 241 3540; x_wconf 91' lang='lat' dir='ltr'>J</span> <span class='ocrx_word' id='word_1_163' title='bbox 244 3493 381 3542; x_wconf 79' lang='lat' dir='ltr'><strong>astamus</strong></span> <span class='ocrx_word' id='word_1_164' title='bbox 391 3480 577 3564; x_wconf 88' lang='lat' dir='ltr'><strong>jampridem</strong></span> <span class='ocrx_word' id='word_1_165' title='bbox 593 3481 692 3543; x_wconf 92' lang='lat' dir='ltr'><strong>omnis</strong></span> <span class='ocrx_word' id='word_1_166' title='bbox 708 3495 738 3544; x_wconf 89' lang='lat' dir='ltr'><strong>te</strong></span> <span class='ocrx_word' id='word_1_167' title='bbox 754 3483 856 3544; x_wconf 87' lang='lat' dir='ltr'><strong>Roma</strong></span> <span class='ocrx_word' id='word_1_168' title='bbox 870 3481 1019 3558; x_wconf 69' lang='lat' dir='ltr'><strong>beatum}</strong></span> 
     </span>
    </p>

    <p class='ocr_par' dir='ltr' id='par_1_12' title="bbox 220 3579 1027 3663">
     <span class='ocr_line' id='line_1_27' title="bbox 220 3579 1027 3663; baseline 0 -19"><span class='ocrx_word' id='word_1_169' title='bbox 220 3583 281 3644; x_wconf 92' lang='lat' dir='ltr'><strong>Sed</strong></span> <span class='ocrx_word' id='word_1_170' title='bbox 298 3604 405 3645; x_wconf 90' lang='lat' dir='ltr'><strong>vereor</strong></span> <span class='ocrx_word' id='word_1_171' title='bbox 419 3604 459 3646; x_wconf 89' lang='lat' dir='ltr'><strong>nc</strong></span> <span class='ocrx_word' id='word_1_172' title='bbox 474 3583 525 3645; x_wconf 93' lang='lat' dir='ltr'><strong>cui</strong></span> <span class='ocrx_word' id='word_1_173' title='bbox 541 3583 579 3644; x_wconf 92' lang='lat' dir='ltr'><strong>de</strong></span> <span class='ocrx_word' id='word_1_174' title='bbox 595 3597 626 3644; x_wconf 89' lang='lat' dir='ltr'><strong>te</strong></span> <span class='ocrx_word' id='word_1_175' title='bbox 642 3582 819 3663; x_wconf 90' lang='lat' dir='ltr'><strong>plusquam</strong></span> <span class='ocrx_word' id='word_1_176' title='bbox 836 3579 893 3642; x_wconf 89' lang='lat' dir='ltr'><strong>tibi</strong></span> <span class='ocrx_word' id='word_1_177' title='bbox 908 3582 1027 3658; x_wconf 89' lang='lat' dir='ltr'><strong>credas,</strong></span> 
     </span>
    </p>

    <p class='ocr_par' dir='ltr' id='par_1_13' title="bbox 218 3680 986 3767">
     <span class='ocr_line' id='line_1_28' title="bbox 218 3680 986 3767; baseline -0.004 -21"><span class='ocrx_word' id='word_1_178' title='bbox 218 3685 307 3746; x_wconf 87' lang='lat' dir='ltr'><strong>Neve</strong></span> <span class='ocrx_word' id='word_1_179' title='bbox 322 3698 413 3767; x_wconf 90' lang='lat' dir='ltr'><strong>putes</strong></span> <span class='ocrx_word' id='word_1_180' title='bbox 428 3685 522 3746; x_wconf 90' lang='lat' dir='ltr'><strong>alium</strong></span> <span class='ocrx_word' id='word_1_181' title='bbox 541 3685 679 3767; x_wconf 88' lang='lat' dir='ltr'><strong>sapiente</strong></span> <span class='ocrx_word' id='word_1_182' title='bbox 695 3682 835 3762; x_wconf 87' lang='lat' dir='ltr'><strong>bonoque</strong></span> <span class='ocrx_word' id='word_1_183' title='bbox 849 3680 986 3759; x_wconf 90' lang='lat' dir='ltr'><strong>beatum,</strong></span> 
     </span>
    </p>

    <p class='ocr_par' dir='ltr' id='par_1_14' title="bbox 217 3780 1133 4274">
     <span class='ocr_line' id='line_1_29' title="bbox 218 3780 992 3869; baseline -0.001 -22"><span class='ocrx_word' id='word_1_184' title='bbox 218 3785 301 3861; x_wconf 89' lang='lat' dir='ltr'><strong>Neu,</strong></span> <span class='ocrx_word' id='word_1_185' title='bbox 319 3785 344 3846; x_wconf 89' lang='lat' dir='ltr'><strong>si</strong></span> <span class='ocrx_word' id='word_1_186' title='bbox 360 3797 391 3847; x_wconf 92' lang='lat' dir='ltr'><strong>te</strong></span> <span class='ocrx_word' id='word_1_187' title='bbox 406 3785 539 3869; x_wconf 87' lang='lat' dir='ltr'><strong>populus</strong></span> <span class='ocrx_word' id='word_1_188' title='bbox 554 3805 662 3847; x_wconf 90' lang='lat' dir='ltr'><strong>sanum</strong></span> <span class='ocrx_word' id='word_1_189' title='bbox 678 3795 821 3865; x_wconf 91' lang='lat' dir='ltr'><strong>recteque</strong></span> <span class='ocrx_word' id='word_1_190' title='bbox 838 3780 992 3846; x_wconf 87' lang='lat' dir='ltr'><strong>valentem</strong></span> 
     </span>
     <span class='ocr_line' id='line_1_30' title="bbox 217 3884 1000 3969; baseline 0.005 -23"><span class='ocrx_word' id='word_1_191' title='bbox 217 3884 363 3961; x_wconf 90' lang='lat' dir='ltr'><strong>Dictitet,</strong></span> <span class='ocrx_word' id='word_1_192' title='bbox 382 3887 532 3948; x_wconf 90' lang='lat' dir='ltr'><strong>occultam</strong></span> <span class='ocrx_word' id='word_1_193' title='bbox 548 3885 663 3949; x_wconf 86' lang='lat' dir='ltr'><strong>febrem</strong></span> <span class='ocrx_word' id='word_1_194' title='bbox 680 3884 738 3947; x_wconf 93' lang='lat' dir='ltr'><strong>sub</strong></span> <span class='ocrx_word' id='word_1_195' title='bbox 752 3898 873 3969; x_wconf 88' lang='lat' dir='ltr'><strong>tempus</strong></span> <span class='ocrx_word' id='word_1_196' title='bbox 888 3886 1000 3950; x_wconf 89' lang='lat' dir='ltr'><strong>edendi</strong></span> 
     </span>
     <span class='ocr_line' id='line_1_31' title="bbox 220 3985 1077 4062; baseline -0.002 -15"><span class='ocrx_word' id='word_1_197' title='bbox 220 3986 418 4062; x_wconf 88' lang='lat' dir='ltr'><strong>Dissimulcs‚</strong></span> <span class='ocrx_word' id='word_1_198' title='bbox 435 3986 533 4049; x_wconf 88' lang='lat' dir='ltr'><strong>donec</strong></span> <span class='ocrx_word' id='word_1_199' title='bbox 548 3987 690 4049; x_wconf 87' lang='lat' dir='ltr'><strong>manibus</strong></span> <span class='ocrx_word' id='word_1_200' title='bbox 706 3999 819 4050; x_wconf 89' lang='lat' dir='ltr'><strong>tremor</strong></span> <span class='ocrx_word' id='word_1_201' title='bbox 834 3988 951 4054; x_wconf 87' lang='lat' dir='ltr'><strong>incidat</strong></span> <span class='ocrx_word' id='word_1_202' title='bbox 966 3985 1077 4052; x_wconf 90' lang='lat' dir='ltr'><strong>unctis.</strong></span> 
     </span>
     <span class='ocr_line' id='line_1_32' title="bbox 220 4087 1133 4172; baseline -0.002 -22"><span class='ocrx_word' id='word_1_203' title='bbox 220 4090 431 4151; x_wconf 76' lang='lat' dir='ltr'><strong>S&#39;runronun</strong></span> <span class='ocrx_word' id='word_1_204' title='bbox 446 4088 587 4153; x_wconf 89' lang='lat' dir='ltr'><strong>incurata</strong></span> <span class='ocrx_word' id='word_1_205' title='bbox 602 4090 702 4172; x_wconf 93' lang='lat' dir='ltr'><strong>pudor</strong></span> <span class='ocrx_word' id='word_1_206' title='bbox 715 4090 817 4153; x_wconf 88' lang='lat' dir='ltr'><strong>malus</strong></span> <span class='ocrx_word' id='word_1_207' title='bbox 832 4091 937 4154; x_wconf 88' lang='lat' dir='ltr'><strong>ulcera</strong></span> <span class='ocrx_word' id='word_1_208' title='bbox 951 4087 1040 4152; x_wconf 90' lang='lat' dir='ltr'><strong>celat.</strong></span> <span class='ocrx_word' id='word_1_209' title='bbox 1128 4140 1133 4149; x_wconf 83' lang='lat'>.</span> 
     </span>
     <span class='ocr_line' id='line_1_33' title="bbox 221 4189 896 4274; baseline -0.003 -20"><span class='ocrx_word' id='word_1_210' title='bbox 221 4191 325 4274; x_wconf 86' lang='lat' dir='ltr'><strong>Siquis</strong></span> <span class='ocrx_word' id='word_1_211' title='bbox 340 4190 422 4255; x_wconf 87' lang='lat' dir='ltr'><strong>bella</strong></span> <span class='ocrx_word' id='word_1_212' title='bbox 438 4189 495 4254; x_wconf 92' lang='lat' dir='ltr'><strong>tibi</strong></span> <span class='ocrx_word' id='word_1_213' title='bbox 512 4203 591 4253; x_wconf 90' lang='lat' dir='ltr'><strong>terra</strong></span> <span class='ocrx_word' id='word_1_214' title='bbox 606 4205 745 4273; x_wconf 86' lang='lat' dir='ltr'><strong>pugnata</strong></span> <span class='ocrx_word' id='word_1_215' title='bbox 759 4191 896 4272; x_wconf 86' lang='lat' dir='ltr'><strong>marique</strong></span> 
     </span>
    </p>
   </div>
   <div class='ocr_carea' id='block_1_8' title="bbox 0 0 1440 5010">
    <p class='ocr_par' dir='ltr' id='par_1_15' title="bbox 0 0 1440 5010">
     <span class='ocr_line' id='line_1_34' title="bbox 0 0 1440 5010; baseline 0 0"><span class='ocrx_word' id='word_1_216' title='bbox 0 0 1440 5010; x_wconf 95' lang='lat' dir='ltr'><strong> </strong></span> 
     </span>
    </p>
   </div>
  </div>
 </body>
</html>
