2872 5010
295 459 358 525 166
618 486 647 529 e.
673 483 820 525 ironam
846 483 968 526 rnaccr

379 640 423 702 Et
439 641 528 703 stella
543 642 648 705 vesani
665 641 792 718 Leonis,

422 743 493 805 Sole
508 743 574 806 dies
589 742 738 806 referente
754 743 860 807 siccos.

335 845 356 905 J
360 865 408 906 am
424 858 528 928 pastor
544 844 666 907 umbras
683 866 752 907 curn
769 867 862 929 grege
878 844 1026 929 languido

335 946 512 1031 Rivurnque
527 945 625 1010 fessus
640 946 762 1031 querit,
778 961 809 1010 et
823 945 942 1010 horridi

377 1048 516 1111 Durneta
532 1049 650 1111 Silvani
665 1074 673 1121 ;
697 1063 841 1133 caretque

419 1150 504 1234 Ripa
519 1149 606 1233 vagis
622 1149 774 1212 taciturna
790 1150 900 1213 ventis.

336 1253 391 1316 Tu
406 1252 562 1316 civitatem
579 1251 649 1335 quis
665 1252 773 1315 deceat
789 1265 900 1328 status,

333 1357 453 1432 Curae,
476 1367 507 1417 et
522 1354 590 1417 urbi
607 1355 744 1418 solicitus
759 1354 860 1432 times,

375 1457 460 1534 Quid
473 1460 561 1521 Seres
577 1470 608 1520 et
623 1471 751 1540 regnata
763 1458 848 1540 Cyro

419 1562 532 1624 Bactra
547 1573 667 1643 parent,
684 1559 863 1645 Tanaisque
878 1560 1004 1624 discors.

332 1663 497 1726 l'ounnns
507 1661 605 1725 futuri
618 1661 763 1745 temporis
779 1662 897 1725 exitum

331 1765 511 1848 Caliginosa
526 1780 615 1828 nocte
630 1764 742 1848 premit
758 1765 867 1835 Deus;

374 1868 540 1951 Ridetque,
557 1868 581 1928 si
598 1867 733 1929 mortalis
751 1867 831 1930 ultra

417 1971 479 2031 Fas
496 1968 637 2050 trepidat.
682 1968 772 2044 Quod
788 1968 886 2043 adest,
903 1983 1057 2032 memento

330 2071 522 2153 Componere
538 2090 662 2154 aequus:
688 2082 798 2132 centena
813 2068 949 2132 fluminis

328 2171 406 2235 Ritu
421 2173 573 2245 feruntur,
589 2195 672 2235 nunc
687 2171 789 2235 medio
804 2172 894 2236 alveo

371 2279 451 2339 Cum
468 2298 543 2361 pace
558 2274 729 2340 delabentis
745 2278 913 2340 Etruscum

415 2382 454 2443 In
471 2401 564 2456 mare,
581 2402 663 2443 nunc
678 2380 797 2464 lapides
812 2380 930 2455 adesos,

328 2482 506 2567 Stirpesquc
522 2498 635 2568 raptas,
652 2497 682 2546 et
697 2505 802 2567 pecus,
819 2496 850 2544 et
864 2483 981 2560 domos,

328 2584 486 2648 volventis
502 2608 574 2662 una,
591 2608 652 2648 non
668 2587 734 2648 sine
750 2585 899 2648 montium

369 2685 512 2749 Clamore
528 2686 700 2771 vicinaeque
715 2687 814 2763 silvae,

412 2787 492 2848 Cum
508 2786 573 2848 fera
587 2787 722 2850 diluvies
736 2789 855 2870 quietos

326 2885 432 2948 lrritat
447 2908 563 2949 amnes.
608 2888 693 2948 leue
710 2903 819 2969 potens
834 2889 880 2950 sui

324 2987 493 3071 Laetusque
508 2989 610 3072 deget,
627 2989 676 3051 cui
692 2987 764 3051 licet
781 2989 812 3051 in
828 2989 909 3053 diem

367 3088 505 3167 Dixisse,
525 3089 617 3153 Vixi:
643 3113 708 3154 eras
724 3092 774 3154 vel
789 3105 855 3156 ntra

409 3194 502 3258 Nube
517 3194 621 3277 polurn
639 3194 732 3257 Pater
748 3210 908 3280 occupato,

322 3295 378 3358 Vel
393 3296 457 3359 sole
472 3317 568 3380 puro:
594 3318 653 3357 non
670 3311 771 3359 tamen
789 3298 920 3376 irritum,

318 3397 532 3481 Quodcunque
547 3411 627 3460 retro
643 3409 700 3471 est,
716 3396 847 3471 efficiet;
874 3421 974 3483 neque

361 3497 515 3583 Diffinget
530 3499 741 3584 infectumque
757 3502 875 3577 reddet,

404 3604 495 3679 Quod
511 3603 633 3687 fugiens
649 3603 742 3667 semel
758 3602 833 3668 liora
848 3606 941 3669 vexit.

317 3704 469 3781 Fortuna,
486 3729 569 3769 saevo
585 3707 656 3770 heta
671 3707 806 3790 negotio,
823 3723 853 3771 et

315 3806 441 3876 Ludurn
459 3807 640 3871 insolentem
657 3809 763 3871 ludere
778 3811 930 3891 pertinax,

357 3910 560 3972 Transmutnt
578 3910 709 3970 incertos
726 3909 867 3984 honores,

400 4012 494 4075 Nunc
509 4009 596 4084 mihi,
613 4029 695 4069 nuuc
712 4008 763 4069 alii
781 4009 924 4090 benigno.

316 4114 428 4179 Laudo
444 4124 635 4177 manentem:
661 4109 685 4171 si
702 4108 814 4171 celeres
829 4109 929 4192 quatit

315 4218 448 4292 Pennas,
466 4214 586 4298 resigno
601 4234 671 4296 quse
684 4211 781 4287 dedit,
799 4225 829 4273 et
845 4232 914 4273 ntea
