2948 5422
220 452 286 514 234
565 470 595 515 e.
620 469 767 511 uouarrr
792 467 916 511 rtaccr

222 621 372 684 Narrares
387 617 532 683 medicis:
555 617 640 702 quod
652 629 770 702 quanto
785 616 878 700 plura
891 615 1020 700 parieti,

222 724 329 786 Tanto
344 721 434 805 plura
449 720 548 805 cupis,
564 720 683 784 nulline
697 718 822 782 faterier
835 718 954 784 audes?

224 823 259 887 Si
274 822 387 886 vulnus
403 822 460 887 tibi
474 835 643 887 monstrata
656 821 761 886 radice
775 820 826 884 rel
839 821 935 885 herba

223 927 297 990 Non
311 927 399 989 fieret
413 925 525 1002 levius,
539 925 673 1009 fugeres,
688 922 793 987 radice
807 922 857 985 vel
871 921 968 987 herba
1162 927 1229 990 150

224 1027 411 1091 Proficiente
425 1027 516 1104 nihil,
532 1027 682 1091 eurarier.
712 1025 876 1102 Audieras,
892 1025 942 1089 cui

223 1129 304 1191 Rem
319 1127 364 1191 dii
378 1126 535 1204 donbrint,
551 1128 598 1190 illi
612 1128 761 1191 decedere
774 1149 901 1210 pravam

225 1229 416 1303 stultitiam
440 1242 556 1292 etcum
572 1229 613 1292 sis
628 1228 727 1292 nihilo
748 1230 926 1313 sapientior,
942 1251 980 1294 ex
993 1253 1057 1315 quo

225 1330 351 1396 Plenior
366 1352 400 1393 es
414 1354 423 1402 ς
448 1343 551 1394 tamen
567 1331 662 1394 uteris
677 1331 880 1394 monitoribus
895 1331 1030 1396 iisdem?

224 1435 268 1496 At
282 1432 309 1495 si
323 1432 443 1495 divitiae
458 1433 642 1515 prudentem
657 1433 786 1496 reddere
801 1446 936 1516 possent,
1158 1436 1225 1499 155

226 1535 260 1601 Si
276 1535 423 1620 cupidum
439 1535 645 1620 timidumque
660 1535 761 1598 minus
778 1546 827 1607 te;
852 1555 963 1619 nempe
978 1535 1116 1612 rubores,

226 1637 353 1701 Viveret
367 1637 399 1700 in
414 1637 503 1700 terris
519 1650 549 1700 te
564 1636 660 1722 siquis
675 1635 795 1699 avarior
808 1656 881 1699 uno.

227 1739 261 1803 Si
276 1739 434 1823 proprium
449 1751 495 1802 est
510 1739 592 1823 quod
608 1738 677 1824 quis
691 1738 769 1801 libra
781 1751 932 1802 mercatus
943 1750 975 1801 et
989 1760 1051 1801 oere
1074 1751 1134 1817 est,

226 1843 389 1921 Quaedam,
406 1842 432 1905 si
448 1843 547 1906 credis
563 1842 722 1917 consultis,
737 1839 893 1923 mancipat
907 1860 981 1903 usus
994 1863 1002 1911 ;

227 1944 289 2020 Qui
306 1957 336 2006 te
351 1943 449 2026 pascit
464 1966 547 2027 ager,
572 1956 644 2005 tuus
659 1957 724 2015 θεῖς
750 1955 781 2006 et
796 1941 919 2005 villicus
932 1944 1022 2020 Orbi,
1158 1944 1224 2009 160

227 2045 309 2108 Cum
326 2057 444 2128 segetes
459 2058 556 2121 occat,
570 2044 626 2107 tibi
642 2066 713 2107 mox
727 2044 883 2108 frumenta
898 2046 1034 2123 daturas,

228 2149 279 2210 Te
294 2147 451 2210 dominum
469 2147 582 2220 sentit;
607 2147 663 2210 das
677 2168 831 2225 nummos,
854 2146 967 2232 accipis
982 2170 1087 2226 uvam,

227 2250 348 2328 Pullos,
365 2272 436 2321 ova,
452 2251 562 2314 cadum
579 2249 706 2314 temeti:
729 2272 841 2334 nempe
856 2251 947 2314 modo
961 2252 1021 2314 isto

229 2353 387 2417 Paulatim
401 2352 546 2415 mercaris
561 2373 681 2435 agrum,
697 2351 825 2415 fortasse
840 2353 996 2431 trecentis,

229 2458 299 2519 Aut
314 2455 406 2519 etiam
423 2475 527 2538 supra,
544 2475 740 2517 nummorum
756 2455 894 2519 millibus
909 2468 1037 2519 emtum.
1157 2457 1224 2523 105

230 2558 315 2637 Quid
330 2556 434 2634 refert,
450 2557 538 2620 vivas
552 2571 714 2621 numerato
728 2580 827 2642 nuper
850 2580 890 2621 an
907 2558 980 2621 olim
995 2558 1006 2621 l

228 2663 341 2723 Emtor
357 2659 481 2723 Aricini
497 2661 652 2743 quondam
670 2659 809 2724 Veientis
825 2674 856 2723 et
871 2659 936 2723 arvi

228 2764 360 2824 Emtum
377 2775 480 2824 coenat
496 2763 576 2838 olus,
592 2762 733 2846 quamvis
749 2763 840 2827 aliter
854 2775 967 2848 putat;
992 2763 1083 2826 emtis

231 2865 296 2929 Sub
311 2878 432 2926 noctem
448 2863 584 2944 gelidam
600 2863 694 2945 lignis
710 2865 871 2929 calefactat
892 2865 1048 2938 ahenum;

229 2966 294 3030 Sed
310 2979 399 3029 vocat
415 2987 512 3048 usquo
528 2986 629 3038 suum,
647 2987 707 3047 qua
723 2967 857 3049 populus
873 2967 973 3031 adsita
988 2967 1078 3031 certis
1161 2966 1226 3049 170

229 3068 401 3133 Limitibus
416 3066 519 3129 vicina
539 3064 654 3150 refugit
664 3066 789 3150 jurgia3
815 3082 961 3153 tanquam

230 3172 280 3234 Sit
293 3169 453 3254 proprium
469 3168 649 3253 quidquam,
671 3184 787 3252 puncto
801 3173 885 3255 quod
901 3172 1025 3235 mobilis
1040 3170 1136 3247 lrorae,

229 3275 324 3335 Nunc
338 3293 439 3354 prece,
456 3292 538 3333 nunc
555 3271 664 3352 pretio,
681 3294 764 3336 nunc
780 3275 821 3349 vi,
838 3297 921 3338 nunc
935 3286 1017 3337 sorte
1032 3295 1190 3357 suprema,

230 3375 393 3435 Permutet
407 3372 558 3444 dominos,
574 3384 605 3434 et
620 3373 710 3436 cedat
725 3374 756 3437 in
774 3377 870 3440 altera
880 3379 963 3462 jura.

231 3475 283 3539 Sic
297 3474 370 3559 quia
385 3485 553 3558 perpetuus
568 3473 646 3535 nulli
663 3476 755 3539 datur
769 3501 855 3556 usus,
872 3492 903 3542 et
918 3478 1017 3542 lraeres
1162 3478 1229 3559 175

231 3578 399 3641 Hoeredem
415 3576 552 3651 alterius,
569 3577 655 3642 velut
670 3581 754 3645 unda
769 3581 946 3665 supervenit
956 3582 1089 3653 undam;

230 3680 315 3758 Quid
326 3677 387 3742 vici
402 3680 541 3763 profunt,
558 3694 611 3743 aut
626 3680 758 3747 horrea?
781 3685 895 3767 quidve
911 3683 1052 3748 Calabris

231 3781 367 3844 Saltibus
391 3782 503 3865 adjecti
520 3783 652 3859 Lucani,
675 3785 700 3847 si
717 3787 805 3848 metit
821 3787 923 3849 Orcus

231 3883 371 3946 Grandia
387 3904 456 3945 cum
472 3884 586 3966 parvis,
607 3907 668 3948 non
685 3888 847 3951 exorabilis
862 3893 962 3952 auro?

231 3986 391 4061 Gemmas,
407 4007 550 4062 marmor,
566 3988 653 4065 ebur,
670 3990 836 4071 Tyrrhena
852 3991 964 4075 sigilla,
982 3993 1121 4070 tabellas,
1162 3995 1229 4059 180

230 4090 419 4170 Argentum,
437 4104 537 4152 vestes
554 4091 682 4154 Gaetulo
698 4094 814 4156 murice
829 4094 952 4173 tinctam,
971 4105 978 4115 '

231 4194 312 4252 Sunt
327 4189 379 4272 qui
396 4212 456 4252 non
473 4189 617 4268 babeant,
634 4195 748 4279 estqui
764 4218 825 4260 non
844 4211 931 4261 curat
945 4198 1069 4263 habere.
