2872 5010
514 478 702 530 seruorum
727 484 794 526 nin.
818 485 857 525 rr.
880 461 910 543 7.
1157 459 1200 542 57

206 641 371 708 l'crsonuit
385 637 524 702 canibus.
568 638 655 699 Tum
671 620 929 710 rusticus‚Hsud
944 631 1020 694 mihi
1037 616 1100 696 rita
1137 634 1200 722 115

205 749 266 810 Est
281 765 358 826 opus
373 741 442 816 hac,
458 739 512 815 ait,
528 752 560 802 ct
575 739 694 802 valeas:
719 758 769 801 me
783 735 862 798 silva
876 756 1030 818 carusque
1050 743 1052 745 ’
1113 741 1115 744 ’

208 851 314 911 Tutus
329 846 369 910 ab
383 842 507 907 insidiis
521 841 608 904 tenui
619 838 767 903 solabitur
782 859 864 900 ervo.
941 879 970 884 ff·
1018 850 1021 854 ⁴

515 1039 580 1048 ...η
606 1040 611 1044 .
629 1032 840 1044 ..-....·---—v·—--
860 1032 867 1042 ,

560 1243 742 1307 SATIRA
767 1243 846 1306 v11.

211 1451 409 1511 Jnnnunnrr
428 1446 589 1524 auscult03
611 1461 642 1509 ct
657 1445 785 1529 cupiens
800 1446 856 1511 tibi
872 1448 973 1511 dicere
988 1472 1093 1513 scrvns

212 1554 330 1626 Pauca,
346 1549 523 1613 reformido.
545 1549 573 1619 ii
589 1549 765 1610 Davusne?
803 1548 908 1624 iilta,
926 1550 1046 1626 Davus,
1062 1552 1192 1614 amicum

213 1652 412 1736 Mancipium
428 1649 565 1726 domino,
581 1663 613 1712 et
626 1647 709 1732 frugi
724 1650 807 1731 quod
822 1649 862 1713 sit
878 1650 971 1723 satis;
997 1651 1055 1715 hoc
1070 1665 1128 1728 est,

213 1755 262 1818 Ut
278 1753 372 1817 vitale
387 1765 488 1836 putes.
532 1751 560 1821 ii
578 1752 663 1833 Age,
679 1749 823 1814 libertate
839 1751 1006 1814 Decembri

216 1853 366 1932 (Quando
381 1853 425 1916 ita
440 1852 570 1936 majores
584 1849 759 1929 voluerunt)
777 1865 881 1932 utere3
903 1875 1003 1918 narra.
1164 1932 1166 1937 y
1181 1855 1208 1940 ⁴5

214 1958 242 2028 ii
261 1959 338 2022 Pars
352 1955 512 2019 hominum
528 1953 613 2017 vitiis
627 1954 743 2037 gaudet
758 1967 944 2031 constanter,
960 1970 991 2019 et
1007 1968 1120 2038 urguet
1196 1952 1199 1956 ⁴

216 2058 413 2142 Propositum
426 2081 435 2136 ;
457 2078 528 2140 pars
543 2055 642 2119 multa
656 2068 754 2133 natat,
771 2056 863 2119 modo
877 2071 961 2120 recta
976 2078 1149 2141 capessens,

216 2162 378 2225 Interdum
393 2160 496 2244 pravis
509 2157 659 2222 obnoxia:
681 2179 763 2240 saepo
778 2173 902 2223 notatus

217 2265 296 2326 Cum
313 2262 412 2326 tribus
427 2260 547 2337 anellis,
563 2259 655 2322 modo
669 2258 750 2322 laeva
768 2259 892 2324 Priscus
906 2261 1003 2338 inani,

217 2364 305 2429 Vixit
319 2363 492 2447 inaequalis,
508 2361 629 2425 clavum
645 2373 682 2423 ut
696 2373 829 2426 mutaret
843 2362 876 2429 in
892 2360 1000 2451 horas,
1169 2370 1211 2431 10

217 2465 355 2528 AEdibus
370 2486 409 2527 ex
424 2463 544 2548 magnis
559 2462 661 2527 subito
677 2463 878 2540 reconderet,
894 2465 977 2529 unde
1057 2498 1059 2502 ⁸
1093 2498 1096 2502 ⁴

218 2566 371 2630 Mundior
386 2564 484 2630 exiret
498 2564 552 2628 vix
565 2564 727 2628 libertinus
743 2563 880 2629 honeste.

218 2671 242 2732 J
244 2691 293 2733 am
309 2667 450 2732 moechus
466 2667 587 2745 Romae,
598 2667 664 2751 jam
681 2666 787 2732 mallet
802 2667 909 2732 doctor
923 2669 1060 2735 Athenis
1147 2693 1150 2698 ·
1201 2670 1204 2675 ’

216 2771 344 2848 -Vivere,
360 2769 549 2846 Vertumnis,
564 2781 715 2854 quotquot
730 2781 814 2844 sunt,
826 2783 918 2834 natus
933 2770 1056 2855 iniquis.

221 2877 332 2939 Scurra
348 2871 541 2950 Volanerius,
557 2882 718 2955 postquam
734 2871 779 2934 illi
790 2871 877 2955 justa
892 2872 1040 2958 cheragra
1170 2878 1211 2942 15

220 2974 373 3040 Contudit
387 2972 544 3050 articulos,
560 2972 613 3057 qui
628 2995 731 3057 prose
746 2973 868 3037 tolleret
882 2989 975 3059 atque

221 3076 365 3140 Mitteret
379 3075 411 3139 in
427 3073 568 3158 phimum
584 3075 673 3152 talos,
689 3076 828 3140 mercede
843 3075 955 3163 diurna

222 3179 419 3243 Conductum
434 3176 541 3260 pavit:
565 3189 681 3261 quanto
697 3177 886 3240 constantior
899 3177 981 3242 idem

223 3283 263 3345 ln
278 3279 374 3357 vitiis,
389 3291 476 3342 tanto
490 3277 589 3341 levius
605 3278 697 3342 miser
711 3300 747 3343 ac
760 3279 844 3363 prior
857 3277 912 3342 ilio

223 3382 284 3460 Qui
296 3382 363 3465 jam
379 3393 535 3458 contento,
546 3379 611 3463 jam
628 3380 698 3446 laxo
711 3381 786 3445 func
800 3380 928 3446 laborat.
1172 3387 1216 3449 20

224 3485 296 3547 Non
311 3481 395 3546 dices
410 3480 514 3557 hodie,
530 3502 676 3565 quorsum
693 3483 761 3549 haec
776 3498 840 3548 tam
855 3485 966 3568 putida
981 3487 1121 3564 tendant,

224 3583 391 3648 Furcifer?
413 3583 464 3646 Ad
480 3595 521 3659 te,
537 3582 674 3668 inquam.
698 3587 769 3663 Quo
779 3600 882 3670 pacto,
898 3587 1054 3671 pessime?
1079 3588 1206 3652 Laudas

225 3688 395 3750 Fortunam
411 3698 443 3749 et
458 3705 556 3749 mores
571 3685 707 3769 antiquoe
721 3686 839 3768 plebis,
862 3703 893 3752 ct
907 3688 1001 3765 idem,

219 3786 329 3872 ¹Siquis
345 3785 384 3849 ad
399 3786 454 3849 illa
470 3787 558 3849 Deus
574 3786 678 3849 subito
689 3798 720 3850 te
736 3800 818 3871 agat,
834 3810 931 3873 usque
945 3811 1086 3866 recuses,

183 3895 187 3908 '
225 3889 296 3952 Aut
310 3886 384 3972 quia
398 3908 461 3951 non
476 3887 572 3950 sentis
584 3888 669 3972 quod
682 3888 797 3954 clamas
811 3891 925 3954 rectius
940 3914 1017 3966 csse,
1176 3891 1218 3953 25

226 3991 296 4052 Aut
311 3988 461 4073 quianon
476 3987 584 4053 firmus
598 4003 716 4055 rectum
733 3991 884 4075 defendis,
901 4008 932 4057 et
947 3993 1057 4068 haeres,

227 4089 441 4174 Nequicquam
457 4111 546 4154 coeno
561 4092 688 4176 cupiens
702 4093 833 4159 evellere
846 4095 994 4177 plantam.

227 4191 338 4256 Romm
353 4214 405 4256 rus
420 4205 519 4277 optas,
535 4193 691 4261 absentem
706 4196 840 4261 rusticus
855 4196 961 4262 urbem
