2872 5010
483 475 671 521 comm
695 475 765 517 ors.
788 475 812 517 r.
834 450 867 534 7.
1126 450 1167 519 91

215 632 294 713 Quis
308 630 447 695 Martem
463 627 570 693 tunice
584 639 700 692 tectum
710 624 914 689 odomontins

215 735 321 819 Digne
336 731 517 817 scripserit?
539 743 594 794 out
608 729 740 814 pulvere
753 727 870 792 Troico

215 837 349 922 Nigrum
366 833 557 900 Merionen?
577 846 636 915 out
647 851 707 916 opo
721 829 863 896 Pollodis
1132 826 1171 888 15

344 937 494 1021 Tydiden
510 935 630 1020 superis
644 936 774 1018 porem?

216 1042 282 1105 Nos
297 1039 452 1116 convivio,
467 1059 524 1102 nos
539 1037 649 1122 proelis
665 1035 832 1121 virginum,

216 1141 340 1207 Strictis
355 1141 388 1205 in
404 1141 537 1226 juvenes
552 1138 713 1224 unguibus
726 1137 856 1216 octium,

216 1245 398 1322 Contomus,
414 1243 516 1321 vocui,
533 1241 599 1307 sive
612 1241 689 1328 quid
703 1241 834 1319 urimur,

344 1347 417 1410 Non
433 1358 546 1429 praeter
561 1342 687 1408 solitum
702 1343 797 1409 leves.

493 1593 572 1656 VII.
619 1588 786 1667 (unroou
804 1597 874 1676 ιιι.)

449 1747 496 1789 sn
520 1745 711 1789 nouorum
730 1746 906 1790 rusucuu.

177 1863 396 1925 Lsuosnunn
412 1857 466 1923 olii
481 1858 596 1923 clorom
612 1856 762 1934 Rhodon,
777 1872 833 1924 out
847 1859 1036 1943 Mytilenen,

221 1966 291 2026 Aut
306 1960 480 2047 Ephesum,
498 1959 663 2025 bimarisve
678 1959 826 2026 Corinthi

178 2065 312 2141 Moenia,
327 2063 378 2127 vel
393 2061 519 2128 Boccho
536 2062 665 2127 Thebas
681 2061 732 2126 vel
746 2062 899 2149 Apolline
914 2062 1058 2149 Delphos

221 2167 376 2252 moignes,
392 2178 446 2229 out
463 2164 618 2230 Thessols
632 2166 766 2249 Tempe.

178 2275 259 2336 Sunt
273 2269 386 2354 quibus
402 2288 498 2331 unum
514 2289 593 2351 opus
607 2279 666 2343 est,
681 2265 808 2331 intoctoe
822 2265 961 2332 Pullodis
976 2268 1084 2333 urbem
1155 2273 1176 2333 5

221 2370 368 2438 Carmine
383 2382 535 2454 perpetuo
549 2368 715 2445 celebrare,
731 2382 762 2433 et

178 2474 330 2558 Undique
343 2473 520 2556 decerptum
535 2471 630 2535 fronti
645 2492 825 2556 praeponere
840 2471 974 2538 olivom:

222 2573 382 2640 Plurimus
396 2573 430 2637 in
445 2574 469 2638 J
470 2574 583 2638 unonis
597 2573 746 2638 honorem

179 2682 297 2765 Aptum
312 2677 389 2741 dicit
404 2675 492 2762 equis
507 2679 624 2760 Argos,
641 2676 784 2763 ditesque
799 2678 961 2764 Myconos.

223 2782 395 2864 Meneque
410 2791 474 2843 tom
488 2778 611 2864 potierm
627 2762 847 2857 Locedaemon,
1135 2783 1177 2846 10

180 2886 247 2948 Nec
263 2897 326 2948 tom
343 2879 479 2945 Lorissae
494 2880 646 2965 percussit
662 2903 789 2968 campus
803 2880 928 2966 opimae,

223 2989 323 3064 Quom
340 2985 451 3048 domus
467 2982 623 3048 Albuneae
637 2983 820 3060 resonantis,

181 3090 226 3152 Et
240 3109 377 3172 praeceps
392 3086 486 3163 Anio,
502 3099 534 3150 et
551 3085 687 3150 Tiburni
702 3087 803 3164 lucus,
818 3100 850 3150 et
865 3086 927 3150 udo

225 3190 398 3254 Mobilibus
411 3187 551 3273 pomerio
563 3187 649 3252 rivis.

182 3293 286 3357 Albus
300 3304 336 3355 ut
350 3291 480 3355 obscuro
494 3291 635 3375 deterget
650 3290 757 3355 nubilo
771 3290 850 3354 coelo
1138 3294 1178 3355 15

225 3395 317 3479 Saepe
332 3395 447 3470 Notus,
462 3414 563 3478 neque
576 3393 710 3479 parturit
724 3392 839 3456 imbres

182 3499 376 3583 Perpetuos;
401 3496 445 3561 sic
460 3509 495 3560 tu
510 3496 633 3579 sapiens
647 3496 737 3561 linire
751 3507 906 3560 memento

225 3600 402 3665 Tristitism
418 3599 554 3684 vitoeque
568 3599 688 3665 labores

184 3702 290 3780 Molli,
306 3701 434 3778 Plance,
451 3721 554 3773 mero;
579 3721 633 3764 seu
649 3712 679 3764 tc
693 3699 847 3784 fulgentio
861 3700 959 3784 signis

226 3805 337 3868 Castro
352 3814 470 3878 tenent,
485 3822 541 3864 seu
556 3801 652 3865 denso
667 3800 784 3865 tenebit
1137 3804 1181 3866 20

182 3905 314 3970 Tiburis
328 3904 439 3968 umbro
454 3903 511 3966 tui.
557 3903 681 3967 Teucer
699 3901 857 3968 Salamine
870 3917 1051 3991 putremque

227 4011 309 4073 Cum
323 4009 457 4093 fugeret,
473 4018 577 4070 tomen
592 4006 655 4072 udo
671 4006 772 4092 Lyaeo

185 4114 343 4197 Tempora
355 4110 490 4198 populos
503 4109 603 4173 fertur
618 4109 754 4176 vinxisse
768 4128 894 4186 corono,

229 4215 281 4280 Sic
297 4215 400 4280 tristes
414 4212 527 4278 effatus
542 4212 675 4287 amicum
