2872 5010
298 428 342 495 ss
617 454 646 501 e.
672 453 818 496 trossrrr
844 454 967 498 resecr

298 600 454 679 Exclusit,
469 615 608 667 revocet:
631 603 777 668 redeam?
794 626 867 683 uon,
883 606 909 668 si
930 606 1077 672 obsecret.
1122 612 1208 679 Esse

299 706 425 783 Servus,
440 726 503 769 nou
517 706 612 791 poulo
623 706 809 791 sopiendum
835 707 966 787 Obsce,
980 731 1053 795 quse
1065 732 1116 777 res
1226 714 1296 784 286

298 806 366 871 Nec
382 807 508 871 modum
523 806 628 885 hebet,
644 830 745 893 neque
762 809 938 888 consilium,
948 811 1069 878 rstioue
1081 815 1236 903 modoque

299 909 443 975 Trsctsri
455 931 517 974 nou
532 911 619 974 vult:
643 911 675 974 in
692 932 795 975 amore
807 910 876 975 hsec
885 927 958 977 sunt
973 913 1072 988 meist
1096 916 1224 997 bellum,

297 1012 366 1076 Psx
380 1034 500 1076 rursum
514 1037 523 1084 ;
548 1011 617 1076 haec
631 1013 726 1098 siquis
741 1012 932 1097 tempestatis
943 1035 1040 1100 prope
1053 1016 1116 1082 ritu

295 1112 441 1189 Mobilis,
451 1127 483 1177 et
497 1135 578 1177 esses
593 1113 749 1179 fluitantis
763 1127 855 1192 sorte,
870 1115 989 1181 isboset

295 1214 440 1279 Reddere
455 1230 538 1280 certe
553 1216 622 1292 sibi,
638 1215 737 1279 nihilo
751 1216 823 1300 pius
836 1216 982 1302 explicet,
995 1219 1074 1282 sesi
1220 1223 1290 1305 270

294 1317 437 1381 Iussuire
450 1330 537 1401 peret
551 1332 635 1382 certe
649 1318 768 1383 rutioue
782 1319 943 1405 modoque.

291 1417 376 1497 Quid
388 1421 402 1481 i
414 1440 484 1483 cum
501 1418 624 1484 Picenis
634 1441 800 1505 excerpens
814 1421 932 1486 semius
945 1423 1055 1506 pomis,

292 1521 423 1586 Gaudes
437 1521 463 1585 si
478 1543 628 1586 nmmum
642 1524 778 1608 percusti
788 1523 878 1601 forte,
894 1545 991 1609 penes
1003 1539 1035 1589 te
1048 1529 1103 1590 esi

292 1623 400 1701 Quid?
416 1644 487 1687 cum
503 1623 593 1688 bulbo
606 1623 679 1688 feris
694 1647 809 1690 sunoso
824 1628 917 1691 verbs
931 1627 1047 1711 peleto,

290 1725 483 1791 Ediflcsnte
498 1749 582 1791 cusos
596 1728 649 1812 qui
663 1728 788 1791 sanior?
835 1729 931 1792 Adde
939 1749 1075 1793 cruorem
1218 1724 1283 1809 276

291 1828 452 1907 Stultitiae,
468 1843 560 1914 utque
574 1829 676 1913 ignem
693 1830 798 1914 gladio
813 1846 968 1896 scrutere:
992 1833 1094 1910 modo,
1109 1831 1247 1918 iuqusur,

290 1930 427 1996 Hellade
438 1952 581 2015 percussu
597 1931 720 1993 Murius
735 1954 804 1994 cum
821 1933 996 2017 proecipitdt
1011 1957 1055 2012 se,

289 2034 429 2098 Cerritus
443 2033 529 2096 fuiti
551 2054 589 2095 ou
605 2046 766 2096 commetes
780 2035 908 2098 crimine
923 2038 1036 2101 mentis

287 2136 443 2202 Absolves
457 2134 625 2215 hominem,
640 2148 672 2199 et
686 2135 808 2200 sceleris
822 2137 982 2203 damnabis
997 2141 1140 2219 eundern,

288 2241 341 2305 Ex
355 2261 440 2306 more
450 2238 611 2326 imponens
625 2251 756 2324 cognato
770 2241 920 2306 vocabule
933 2241 1050 2306 rebus?
1211 2243 1278 2306 sm

287 2341 469 2409 Libertinus
483 2358 560 2423 erst,
575 2343 628 2431 qui
643 2343 757 2409 circum
773 2345 907 2430 compito
921 2344 1019 2409 siccus

287 2446 401 2513 Lsutis
415 2469 507 2513 ursne
516 2469 612 2512 senex
627 2449 769 2513 menibus
784 2448 944 2512 currebat:
969 2460 1011 2525 et,
1027 2447 1136 2511 Ursum

286 2545 387 2627 (Quid
403 2566 465 2614 tsm
481 2557 652 2636 magnum?
667 2552 798 2631 addens)
815 2571 911 2616 uuum
927 2546 1223 2634 mesurpitemorti,

283 2650 356 2715 Diis
371 2652 484 2715 etenim
495 2651 586 2716 fusile
596 2665 653 2728 est,
670 2653 792 2722 orabam
817 2674 910 2715 sunus
923 2652 1069 2736 utrisque·

281 2751 424 2816 Auribus
435 2765 527 2838 utque
541 2750 657 2824 oculis;
683 2767 828 2825 mentem,
841 2751 900 2813 nisi
915 2751 1078 2832 litigiosus,
1210 2754 1277 2819 988

184 2887 188 2893 ·
280 2852 450 2937 Exciperet
460 2851 604 2916 dominus
615 2873 684 2914 curn
702 2852 867 2913 venderet:
892 2849 951 2913 hoc
965 2871 1086 2934 quoque
1100 2853 1214 2934 vulgus

279 2955 475 3042 Chrysippus
490 2953 578 3039 ponit
587 2951 734 3015 foecunds
748 2952 779 3014 in
796 2964 890 3035 gente
905 2951 1043 3013 Meneni.

277 3058 416 3146 Jupiter,
431 3057 571 3143 ingentes
585 3053 639 3139 qui
655 3053 710 3117 dss
723 3051 896 3137 adimisque
909 3051 1039 3131 dolores,

280 3164 386 3227 Mutet
400 3161 444 3227 sit
458 3156 544 3248 pueri
559 3177 678 3221 meuses
686 3156 753 3241 jsru
765 3153 903 3241 quinque
917 3155 1071 3230 cubantis,

279 3263 410 3349 Frigido
424 3264 450 3329 si
464 3281 593 3348 puerum
608 3272 758 3345 qusrtans
771 3257 940 3343 reliquerit,
956 3256 1011 3322 iilo
1204 3265 1272 3332 2oe

278 3364 377 3432 Mune
391 3365 443 3429 die
457 3387 517 3449 quo
531 3376 565 3426 tu
580 3360 831 3446 indicisjejuniu,
843 3362 946 3425 nudus

278 3470 318 3535 In
334 3466 443 3533 Tiberi
459 3465 569 3531 stubit:
593 3485 682 3527 cesus
697 3463 873 3528 medicusve
884 3461 994 3528 levbrit

276 3570 411 3656 AEgrum
426 3591 464 3634 ex
478 3565 642 3654 proecipiti,
659 3579 755 3631 mater
770 3565 866 3631 delire
877 3565 999 3630 necabit

275 3672 314 3737 Iu
325 3670 429 3757 gelido
443 3671 537 3734 fixum
553 3668 630 3752 ripe,
642 3668 812 3756 febrimque
826 3670 970 3734 reducet:

273 3773 383 3854 Quone
398 3772 479 3837 mulo
494 3783 627 3836 mentem
643 3776 814 3837 concussu?
838 3771 946 3835 timure
961 3771 1112 3834 Deorum.
1200 3774 1268 3842 w.

273 3874 355 3940 Hbc
370 3872 446 3939 mibi
463 3871 629 3938 Stertinius
644 3874 817 3960 sapientum
829 3887 957 3940 oetsvm
967 3871 1067 3935 surico

272 3978 372 4043 Arme
386 3974 484 4055 dedit,
499 3972 627 4061 postbtc
639 3995 678 4038 no
688 3975 887 4058 compellerer
900 3973 1028 4038 inultus.

272 4078 396 4146 Dixerit
411 4076 616 4163 isssrrumqui
632 4097 691 4155 ms,
704 4077 831 4142 totidem
847 4077 974 4150 audien
998 4089 1091 4162 atquo

273 4181 439 4268 Respicere
454 4179 668 4267 ignotodiseet
683 4179 849 4264 pendentis
865 4193 960 4263 tergo.
