2872 5010
415 477 656 522 urrsronaruu
681 476 747 520 arn.
767 475 789 519 1.
806 453 858 537 17.
1076 458 1135 525 191

148 633 280 695 Noctem
296 628 442 716 peccatis,
463 640 495 694 et
508 626 669 693 fraudibus
683 625 784 712 objice
798 627 923 690 nubem.

150 733 212 810 Qui
224 732 330 796 melior
345 752 443 809 servo,
458 730 514 815 qui
528 729 655 794 liberior
669 728 710 794 sit
723 751 846 807 arama

150 833 190 897 In
202 833 300 899 triviis
315 834 410 898 fixum
420 854 490 897 eum
506 854 539 897 se
552 832 690 897 demittit
704 833 744 896 ob
759 853 870 908 mrem,

150 937 222 1000 Non
237 937 347 1001 video:
372 958 444 1001 nam
458 936 513 1020 qui
533 934 649 1020 cupiet,
665 948 783 1000 metuet
796 954 938 1020 quoque;
962 954 1053 1018 porro
1096 931 1139 996 ot

150 1037 212 1112 Qui
227 1050 368 1102 metuens
383 1037 479 1117 vivet,
494 1037 572 1101 liber
586 1036 665 1101 mibi
680 1059 742 1102 nou
758 1036 817 1102 erit
831 1057 978 1121 uuquam.

149 1139 291 1204 Perdidit
306 1161 401 1217 anna,
423 1139 526 1206 locum
542 1139 667 1204 virtutis
681 1139 830 1218 deseruit,
844 1137 900 1225 qui

151 1242 277 1326 Semper
291 1242 324 1306 in
339 1241 482 1325 augenda
495 1241 622 1307 festinat
636 1254 668 1306 et
681 1242 822 1307 obruitur
843 1263 888 1306 re.

150 1343 290 1408 Vendere
305 1364 376 1407 cum
391 1342 489 1425 possis
505 1342 675 1427 captivum,
690 1343 829 1407 occidere
842 1342 927 1406 noli:
1035 1408 1038 1414 ,

152 1444 273 1508 Serviat
287 1443 424 1507 utiliter:
450 1441 517 1506 aine
531 1456 640 1526 pascat
653 1443 762 1520 durus,
778 1457 925 1527 aretque;
1097 1443 1141 1526 70

150 1548 290 1631 Naviget
303 1569 339 1612 ae
355 1544 465 1610 mediis
479 1544 596 1609 hiemet
610 1558 760 1609 mereator
774 1546 806 1609 iu
821 1543 935 1618 oudin

149 1651 292 1712 Annonae
307 1647 423 1732 prosit;
447 1659 550 1730 portet
568 1646 724 1710 frumenta
738 1664 907 1731 penusque

152 1750 208 1813 Vir
223 1751 321 1814 bonus
336 1763 368 1814 et
383 1749 505 1833 sapiens
516 1748 643 1814 audebit
658 1746 783 1820 dicere;
807 1744 964 1823 Pentheu,

153 1854 271 1916 Rector
286 1851 479 1927 Thebarum,
494 1850 571 1936 quid
581 1871 630 1913 me
644 1847 779 1935 perferre
793 1847 920 1933 patique
1100 1847 1143 1930 74

154 1953 324 2037 Indignum
334 1956 445 2037 coges?
461 1951 654 2039 {Adimam
663 1950 754 2016 bona.
769 1950 805 2038 η
814 1950 936 2037 Nempe
945 1971 1051 2035 pecus,
1066 1972 1143 2026 rem,

154 2051 279 2128 Lectos,
293 2064 452 2135 argentum
466 2064 473 2112 ἐ
499 2049 590 2114 tollas
603 2045 685 2114 lieet.
710 2048 798 2136 {ilo
813 2047 943 2113 manicis
953 2060 986 2112 et

26 2171 32 2182 ·
154 2153 364 2235 Compedibus
379 2172 463 2214 saevo
478 2166 509 2214 te
524 2148 583 2214 sub
596 2151 724 2214 custode
740 2152 858 2214 tenebo.

153 2255 187 2341 ii
203 2256 276 2338 Ipse
291 2257 391 2332 Deus,
407 2251 501 2316 simul
516 2265 608 2336 atque
623 2253 736 2327 volam,
751 2273 800 2316 me
812 2249 1096 2335 solvet-Opinor,

154 2359 227 2421 Hoc
244 2356 356 2420 sentit:
382 2353 524 2430 Moriar3
547 2375 628 2417 mors
644 2353 754 2417 ultima
767 2352 851 2418 linea
864 2373 966 2418 rerum
982 2365 1038 2416 est.

456 2736 697 2800 EPISTOLA
721 2735 839 2800 XVII.

542 2934 588 2975 An
606 2935 754 2977 SCAEVAM.

156 3098 329 3173 Quamvis,
346 3097 466 3171 Scaeva,
481 3094 557 3159 satis
571 3117 627 3181 per
642 3112 674 3161 te
689 3098 745 3161 tibi
769 3097 915 3174 considis,
930 3113 962 3162 st
977 3099 1036 3163 seis

156 3200 225 3274 Quo
240 3197 364 3260 tandem
377 3212 467 3280 paeto
477 3198 585 3262 deceat
602 3199 770 3282 majoribus
785 3199 832 3263 uti
844 3223 853 3272 ;

156 3297 264 3374 Disce,
276 3298 436 3362 docendus
448 3300 553 3364 adhuc
566 3322 638 3386 quae
652 3314 757 3366 censet
771 3301 943 3376 amiculum
967 3319 1003 3366 ut
1017 3303 1045 3367 si

156 3400 269 3462 Caecus
284 3398 343 3463 iter
359 3414 528 3468 monstrare
542 3403 637 3468 velit:
662 3416 765 3468 tamen
780 3403 894 3488 aspice,
910 3404 1027 3491 siquid

157 3498 202 3560 Et
216 3518 283 3573 nos,
298 3499 382 3581 quod
396 3522 485 3565 eures
499 3501 658 3584 proprium
672 3501 793 3578 fecisse,
808 3502 979 3585 loquamur.
1125 3510 1146 3569 5

158 3597 192 3662 Si
208 3611 238 3662 te
252 3612 342 3682 grata
353 3603 442 3685 quies
457 3614 489 3665 et
502 3603 635 3685 primam
651 3623 777 3665 somnus
791 3603 824 3665 iu
839 3601 946 3667 horam

157 3701 320 3776 Delectat3
346 3703 371 3766 si
387 3717 418 3766 te
433 3703 536 3786 pulvis
550 3702 759 3786 strepitusque
773 3714 921 3781 rotamur,

158 3803 192 3867 Si
207 3802 458 3888 ineditorum,
471 3803 674 3867 Ferentinum
686 3803 731 3867 ire
737 3803 874 3889 jubebo:

157 3904 239 3969 Nem
255 3927 355 3991 neque
370 3905 520 3970 divitibus
536 3905 720 3992 contingunt
734 3907 848 3991 gaudia
862 3909 956 3983 solist

158 4008 226 4071 Nec
241 4007 320 4072 vixit
335 4009 425 4088 male,
439 4008 493 4093 qui
509 4023 600 4074 natus
612 4012 806 4096 moriensque
819 4011 940 4077 fefellit.
1109 4014 1150 4075 lo

160 4106 194 4170 Si
209 4109 352 4191 prodesse
366 4111 439 4190 tuis,
454 4112 608 4197 pauloque
623 4112 787 4197 benignius
801 4113 903 4196 ipsum

160 4210 211 4273 To
227 4223 357 4276 tractare
373 4213 467 4290 voles,
483 4215 609 4280 accedes
624 4216 723 4279 siccus
737 4215 927 4278 adunatum.
