<?xml version="1.0" encoding="UTF-8"?>
<!DOCTYPE html PUBLIC "-//W3C//DTD XHTML 1.0 Transitional//EN"
    "http://www.w3.org/TR/xhtml1/DTD/xhtml1-transitional.dtd">
<html xmlns="http://www.w3.org/1999/xhtml" xml:lang="en" lang="en">
 <head>
  <title>
</title>
<meta http-equiv="Content-Type" content="text/html;charset=utf-8" />
  <meta name='ocr-system' content='tesseract 3.04.00' />
  <meta name='ocr-capabilities' content='ocr_page ocr_carea ocr_par ocr_line ocrx_word'/>
</head>
<body>
  <div class='ocr_page' id='page_1' title='image "./horatiusrestitu00tategoog_0309.png"; bbox 0 0 2872 5010; ppageno 0'>
   <div class='ocr_carea' id='block_1_1' title="bbox 610 435 961 484">
    <p class='ocr_par' dir='ltr' id='par_1_1' title="bbox 610 435 961 484">
     <span class='ocr_line' id='line_1_1' title="bbox 610 435 961 484; baseline -0.011 -5"><span class='ocrx_word' id='word_1_1' title='bbox 610 438 642 484; x_wconf 72' lang='lat' dir='ltr'>Q.</span> <span class='ocrx_word' id='word_1_2' title='bbox 665 435 812 478; x_wconf 66' lang='lat' dir='ltr'>Hortarii</span> <span class='ocrx_word' id='word_1_3' title='bbox 840 435 961 477; x_wconf 64' lang='lat' dir='ltr'>thtlt&#39;i</span> 
     </span>
    </p>
   </div>
   <div class='ocr_carea' id='block_1_2' title="bbox 678 683 934 782">
    <p class='ocr_par' dir='ltr' id='par_1_2' title="bbox 678 683 934 782">
     <span class='ocr_line' id='line_1_2' title="bbox 678 683 934 782; baseline 0.023 -20"><span class='ocrx_word' id='word_1_4' title='bbox 678 687 744 749; x_wconf 80' lang='lat' dir='ltr'>rx.</span> <span class='ocrx_word' id='word_1_5' title='bbox 791 683 934 782; x_wconf 69' lang='lat' dir='ltr'>(on</span> 
     </span>
    </p>
   </div>
   <div class='ocr_carea' id='block_1_3' title="bbox 639 910 946 954">
    <p class='ocr_par' dir='ltr' id='par_1_3' title="bbox 639 910 946 954">
     <span class='ocr_line' id='line_1_3' title="bbox 639 910 946 954; baseline 0.01 -3"><span class='ocrx_word' id='word_1_6' title='bbox 639 911 686 951; x_wconf 75' lang='lat' dir='ltr'>An</span> <span class='ocrx_word' id='word_1_7' title='bbox 710 910 946 954; x_wconf 67' lang='lat' dir='ltr'>HAECENATEH·</span> 
     </span>
    </p>
   </div>
   <div class='ocr_carea' id='block_1_4' title="bbox 337 1095 1135 2089">
    <p class='ocr_par' dir='ltr' id='par_1_4' title="bbox 337 1095 1135 1276">
     <span class='ocr_line' id='line_1_4' title="bbox 337 1095 1135 1180; baseline 0.005 -24"><span class='ocrx_word' id='word_1_8' title='bbox 337 1096 486 1171; x_wconf 72' lang='lat' dir='ltr'>anuno</span> <span class='ocrx_word' id='word_1_9' title='bbox 502 1107 659 1177; x_wconf 91' lang='lat' dir='ltr'>repostum</span> <span class='ocrx_word' id='word_1_10' title='bbox 677 1096 847 1160; x_wconf 84' lang='lat' dir='ltr'>Caecubum</span> <span class='ocrx_word' id='word_1_11' title='bbox 863 1097 903 1160; x_wconf 90' lang='lat' dir='ltr'>ad</span> <span class='ocrx_word' id='word_1_12' title='bbox 919 1095 1013 1159; x_wconf 82' lang='lat' dir='ltr'>festas</span> <span class='ocrx_word' id='word_1_13' title='bbox 1028 1095 1135 1180; x_wconf 82' lang='lat' dir='ltr'>dapes,</span> 
     </span>
     <span class='ocr_line' id='line_1_5' title="bbox 381 1195 761 1276; baseline 0.013 -20"><span class='ocrx_word' id='word_1_14' title='bbox 381 1195 504 1259; x_wconf 87' lang='lat' dir='ltr'>Victore</span> <span class='ocrx_word' id='word_1_15' title='bbox 520 1195 610 1258; x_wconf 87' lang='lat' dir='ltr'>laetus</span> <span class='ocrx_word' id='word_1_16' title='bbox 626 1197 761 1276; x_wconf 86' lang='lat' dir='ltr'>Caesare,</span> 
     </span>
    </p>

    <p class='ocr_par' dir='ltr' id='par_1_5' title="bbox 338 1296 1042 1477">
     <span class='ocr_line' id='line_1_6' title="bbox 338 1296 1042 1382; baseline 0.003 -22"><span class='ocrx_word' id='word_1_17' title='bbox 338 1299 459 1360; x_wconf 85' lang='lat' dir='ltr'>Tecum</span> <span class='ocrx_word' id='word_1_18' title='bbox 476 1296 610 1360; x_wconf 88' lang='lat' dir='ltr'>subalta</span> <span class='ocrx_word' id='word_1_19' title='bbox 627 1297 684 1374; x_wconf 89' lang='lat' dir='ltr'>(sic</span> <span class='ocrx_word' id='word_1_20' title='bbox 698 1301 721 1361; x_wconf 85' lang='lat' dir='ltr'>J</span> <span class='ocrx_word' id='word_1_21' title='bbox 724 1298 773 1361; x_wconf 84' lang='lat' dir='ltr'>ovi</span> <span class='ocrx_word' id='word_1_22' title='bbox 789 1299 923 1382; x_wconf 87' lang='lat' dir='ltr'>gratum)</span> <span class='ocrx_word' id='word_1_23' title='bbox 939 1298 1042 1374; x_wconf 92' lang='lat' dir='ltr'>domo,</span> 
     </span>
     <span class='ocr_line' id='line_1_7' title="bbox 380 1400 798 1477; baseline 0 -15"><span class='ocrx_word' id='word_1_24' title='bbox 380 1400 477 1462; x_wconf 85' lang='lat' dir='ltr'>Beate</span> <span class='ocrx_word' id='word_1_25' title='bbox 493 1401 664 1476; x_wconf 69' lang='lat' dir='ltr'>Maecenas,</span> <span class='ocrx_word' id='word_1_26' title='bbox 681 1400 798 1477; x_wconf 90' lang='lat' dir='ltr'>bibam,</span> 
     </span>
    </p>

    <p class='ocr_par' dir='ltr' id='par_1_6' title="bbox 338 1500 954 1678">
     <span class='ocr_line' id='line_1_8' title="bbox 338 1500 954 1586; baseline 0.005 -23"><span class='ocrx_word' id='word_1_27' title='bbox 338 1501 474 1564; x_wconf 84' lang='lat' dir='ltr'>Sonante</span> <span class='ocrx_word' id='word_1_28' title='bbox 490 1500 620 1563; x_wconf 82' lang='lat' dir='ltr'>mixtum</span> <span class='ocrx_word' id='word_1_29' title='bbox 638 1501 721 1565; x_wconf 91' lang='lat' dir='ltr'>tibiis</span> <span class='ocrx_word' id='word_1_30' title='bbox 737 1523 858 1566; x_wconf 88' lang='lat' dir='ltr'>carmen</span> <span class='ocrx_word' id='word_1_31' title='bbox 874 1502 954 1586; x_wconf 83' lang='lat' dir='ltr'>lyra,</span> 
     </span>
     <span class='ocr_line' id='line_1_9' title="bbox 379 1601 899 1678; baseline 0.002 -13"><span class='ocrx_word' id='word_1_32' title='bbox 379 1603 452 1665; x_wconf 92' lang='lat' dir='ltr'>Hac</span> <span class='ocrx_word' id='word_1_33' title='bbox 468 1601 612 1678; x_wconf 91' lang='lat' dir='ltr'>Dorium,</span> <span class='ocrx_word' id='word_1_34' title='bbox 629 1602 690 1665; x_wconf 90' lang='lat' dir='ltr'>illis</span> <span class='ocrx_word' id='word_1_35' title='bbox 707 1605 899 1668; x_wconf 82' lang='lat' dir='ltr'>Barbarum?</span> 
     </span>
    </p>

    <p class='ocr_par' dir='ltr' id='par_1_7' title="bbox 338 1701 987 1888">
     <span class='ocr_line' id='line_1_10' title="bbox 338 1701 987 1790; baseline -0.002 -24"><span class='ocrx_word' id='word_1_36' title='bbox 338 1701 385 1766; x_wconf 91' lang='lat' dir='ltr'>Ut</span> <span class='ocrx_word' id='word_1_37' title='bbox 400 1725 509 1787; x_wconf 82' lang='lat' dir='ltr'>nuper,</span> <span class='ocrx_word' id='word_1_38' title='bbox 525 1718 612 1767; x_wconf 85' lang='lat' dir='ltr'>actus</span> <span class='ocrx_word' id='word_1_39' title='bbox 628 1727 697 1768; x_wconf 91' lang='lat' dir='ltr'>cum</span> <span class='ocrx_word' id='word_1_40' title='bbox 713 1705 792 1769; x_wconf 87' lang='lat' dir='ltr'>freto</span> <span class='ocrx_word' id='word_1_41' title='bbox 810 1705 987 1790; x_wconf 87' lang='lat' dir='ltr'>Neptunius</span> 
     </span>
     <span class='ocr_line' id='line_1_11' title="bbox 379 1805 817 1888; baseline 0.007 -21"><span class='ocrx_word' id='word_1_42' title='bbox 379 1806 456 1868; x_wconf 83' lang='lat' dir='ltr'>Dux</span> <span class='ocrx_word' id='word_1_43' title='bbox 471 1805 563 1888; x_wconf 86' lang='lat' dir='ltr'>fugit,</span> <span class='ocrx_word' id='word_1_44' title='bbox 579 1807 658 1869; x_wconf 89' lang='lat' dir='ltr'>ustis</span> <span class='ocrx_word' id='word_1_45' title='bbox 673 1806 817 1879; x_wconf 86' lang='lat' dir='ltr'>navibus,</span> 
     </span>
    </p>

    <p class='ocr_par' dir='ltr' id='par_1_8' title="bbox 337 1903 964 2089">
     <span class='ocr_line' id='line_1_12' title="bbox 337 1903 964 1990; baseline 0.006 -23"><span class='ocrx_word' id='word_1_46' title='bbox 337 1903 480 1968; x_wconf 79' lang='lat' dir='ltr'><strong>Minatus</strong></span> <span class='ocrx_word' id='word_1_47' title='bbox 496 1906 563 1968; x_wconf 90' lang='lat' dir='ltr'>urbi</span> <span class='ocrx_word' id='word_1_48' title='bbox 580 1906 692 1982; x_wconf 85' lang='lat' dir='ltr'>vincla,</span> <span class='ocrx_word' id='word_1_49' title='bbox 704 1930 774 1990; x_wconf 79' lang='lat' dir='ltr'>quae</span> <span class='ocrx_word' id='word_1_50' title='bbox 790 1909 964 1971; x_wconf 77' lang='lat' dir='ltr'>detraxerat</span> 
     </span>
     <span class='ocr_line' id='line_1_13' title="bbox 379 2006 765 2089; baseline 0.003 -20"><span class='ocrx_word' id='word_1_51' title='bbox 379 2008 482 2069; x_wconf 85' lang='lat' dir='ltr'>Servis</span> <span class='ocrx_word' id='word_1_52' title='bbox 498 2006 614 2068; x_wconf 90' lang='lat' dir='ltr'>amicus</span> <span class='ocrx_word' id='word_1_53' title='bbox 630 2008 765 2089; x_wconf 84' lang='lat' dir='ltr'>perfidis.</span> 
     </span>
    </p>
   </div>
   <div class='ocr_carea' id='block_1_5' title="bbox 244 2105 948 2192">
    <p class='ocr_par' dir='ltr' id='par_1_9' title="bbox 244 2105 948 2192">
     <span class='ocr_line' id='line_1_14' title="bbox 244 2105 948 2192; baseline 0 -22"><span class='ocrx_word' id='word_1_54' title='bbox 244 2127 249 2133; x_wconf 92' lang='lat'>·</span> <span class='ocrx_word' id='word_1_55' title='bbox 336 2108 508 2183; x_wconf 85' lang='lat' dir='ltr'>Romanus,</span> <span class='ocrx_word' id='word_1_56' title='bbox 524 2105 621 2171; x_wconf 88' lang='lat' dir='ltr'>eheu!</span> <span class='ocrx_word' id='word_1_57' title='bbox 642 2107 766 2191; x_wconf 84' lang='lat' dir='ltr'>(posteri</span> <span class='ocrx_word' id='word_1_58' title='bbox 781 2108 948 2192; x_wconf 78' lang='lat' dir='ltr'>negabitis)</span> 
     </span>
    </p>
   </div>
   <div class='ocr_carea' id='block_1_6' title="bbox 333 2208 1147 4226">
    <p class='ocr_par' dir='ltr' id='par_1_10' title="bbox 378 2208 769 2292">
     <span class='ocr_line' id='line_1_15' title="bbox 378 2208 769 2292; baseline 0 -18"><span class='ocrx_word' id='word_1_59' title='bbox 378 2209 605 2292; x_wconf 89' lang='lat' dir='ltr'>Emancipatus</span> <span class='ocrx_word' id='word_1_60' title='bbox 621 2208 769 2287; x_wconf 61' lang='lat' dir='ltr'>foeminae,</span> 
     </span>
    </p>

    <p class='ocr_par' dir='ltr' id='par_1_11' title="bbox 337 2312 1056 2500">
     <span class='ocr_line' id='line_1_16' title="bbox 337 2312 1056 2399; baseline 0.001 -23"><span class='ocrx_word' id='word_1_61' title='bbox 337 2314 413 2377; x_wconf 89' lang='lat' dir='ltr'>Fert</span> <span class='ocrx_word' id='word_1_62' title='bbox 427 2312 542 2376; x_wconf 86' lang='lat' dir='ltr'>vallum</span> <span class='ocrx_word' id='word_1_63' title='bbox 559 2325 591 2375; x_wconf 93' lang='lat' dir='ltr'>et</span> <span class='ocrx_word' id='word_1_64' title='bbox 605 2334 690 2377; x_wconf 88' lang='lat' dir='ltr'>arma</span> <span class='ocrx_word' id='word_1_65' title='bbox 704 2313 804 2392; x_wconf 90' lang='lat' dir='ltr'>miles,</span> <span class='ocrx_word' id='word_1_66' title='bbox 820 2329 851 2377; x_wconf 88' lang='lat' dir='ltr'>et</span> <span class='ocrx_word' id='word_1_67' title='bbox 867 2314 1056 2399; x_wconf 80' lang='lat' dir='ltr'>spadonibus</span> 
     </span>
     <span class='ocr_line' id='line_1_17' title="bbox 379 2416 771 2500; baseline -0.003 -20"><span class='ocrx_word' id='word_1_68' title='bbox 379 2417 501 2482; x_wconf 85' lang='lat' dir='ltr'>Servirc</span> <span class='ocrx_word' id='word_1_69' title='bbox 515 2416 635 2500; x_wconf 82' lang='lat' dir='ltr'>rugosis</span> <span class='ocrx_word' id='word_1_70' title='bbox 650 2429 751 2500; x_wconf 87' lang='lat' dir='ltr'>potest</span> <span class='ocrx_word' id='word_1_71' title='bbox 763 2441 771 2489; x_wconf 90' lang='lat'>;</span> 
     </span>
    </p>

    <p class='ocr_par' dir='ltr' id='par_1_12' title="bbox 337 2517 853 2702">
     <span class='ocr_line' id='line_1_18' title="bbox 337 2517 853 2603; baseline -0.004 -20"><span class='ocrx_word' id='word_1_72' title='bbox 337 2521 485 2603; x_wconf 85' lang='lat' dir='ltr'>Interque</span> <span class='ocrx_word' id='word_1_73' title='bbox 500 2518 588 2602; x_wconf 87' lang='lat' dir='ltr'>signa</span> <span class='ocrx_word' id='word_1_74' title='bbox 603 2531 694 2602; x_wconf 82' lang='lat' dir='ltr'>turpe</span> <span class='ocrx_word' id='word_1_75' title='bbox 708 2517 853 2582; x_wconf 86' lang='lat' dir='ltr'>militaria</span> 
     </span>
     <span class='ocr_line' id='line_1_19' title="bbox 379 2618 744 2702; baseline -0.005 -19"><span class='ocrx_word' id='word_1_76' title='bbox 379 2618 432 2682; x_wconf 89' lang='lat' dir='ltr'>Sol</span> <span class='ocrx_word' id='word_1_77' title='bbox 444 2618 555 2701; x_wconf 90' lang='lat' dir='ltr'>aspicit</span> <span class='ocrx_word' id='word_1_78' title='bbox 570 2620 744 2702; x_wconf 92' lang='lat' dir='ltr'>conopium.</span> 
     </span>
    </p>

    <p class='ocr_par' dir='ltr' id='par_1_13' title="bbox 335 2718 1085 2889">
     <span class='ocr_line' id='line_1_20' title="bbox 335 2718 1085 2799; baseline -0.005 -17"><span class='ocrx_word' id='word_1_79' title='bbox 335 2720 385 2783; x_wconf 80' lang='lat' dir='ltr'>Ad</span> <span class='ocrx_word' id='word_1_80' title='bbox 400 2719 459 2782; x_wconf 92' lang='lat' dir='ltr'>hoc</span> <span class='ocrx_word' id='word_1_81' title='bbox 474 2719 639 2782; x_wconf 87' lang='lat' dir='ltr'>frementes</span> <span class='ocrx_word' id='word_1_82' title='bbox 654 2732 814 2782; x_wconf 83' lang='lat' dir='ltr'>verterunt</span> <span class='ocrx_word' id='word_1_83' title='bbox 828 2719 876 2782; x_wconf 89' lang='lat' dir='ltr'>bis</span> <span class='ocrx_word' id='word_1_84' title='bbox 892 2718 976 2780; x_wconf 90' lang='lat' dir='ltr'>mille</span> <span class='ocrx_word' id='word_1_85' title='bbox 991 2739 1085 2799; x_wconf 85' lang='lat' dir='ltr'>equos</span> 
     </span>
     <span class='ocr_line' id='line_1_21' title="bbox 377 2819 816 2889; baseline -0.002 -8"><span class='ocrx_word' id='word_1_86' title='bbox 377 2819 464 2882; x_wconf 89' lang='lat' dir='ltr'>Galli</span> <span class='ocrx_word' id='word_1_87' title='bbox 478 2832 623 2882; x_wconf 83' lang='lat' dir='ltr'>canentes</span> <span class='ocrx_word' id='word_1_88' title='bbox 640 2820 816 2889; x_wconf 86' lang='lat' dir='ltr'>Caesarem;</span> 
     </span>
    </p>

    <p class='ocr_par' dir='ltr' id='par_1_14' title="bbox 334 2916 928 3108">
     <span class='ocr_line' id='line_1_22' title="bbox 334 2916 928 3004; baseline -0.017 -18"><span class='ocrx_word' id='word_1_89' title='bbox 334 2920 567 3004; x_wconf 87' lang='lat' dir='ltr'>Hostiliumque</span> <span class='ocrx_word' id='word_1_90' title='bbox 580 2918 706 2983; x_wconf 86' lang='lat' dir='ltr'>navium</span> <span class='ocrx_word' id='word_1_91' title='bbox 722 2931 816 3002; x_wconf 91' lang='lat' dir='ltr'>portu</span> <span class='ocrx_word' id='word_1_92' title='bbox 831 2916 928 2978; x_wconf 88' lang='lat' dir='ltr'>latent</span> 
     </span>
     <span class='ocr_line' id='line_1_23' title="bbox 377 3018 822 3108; baseline -0.016 -21"><span class='ocrx_word' id='word_1_93' title='bbox 377 3023 503 3108; x_wconf 89' lang='lat' dir='ltr'>Puppes</span> <span class='ocrx_word' id='word_1_94' title='bbox 518 3020 725 3085; x_wconf 86' lang='lat' dir='ltr'>sinistrorsum</span> <span class='ocrx_word' id='word_1_95' title='bbox 741 3018 822 3083; x_wconf 73' lang='lat' dir='ltr'>citae.</span> 
     </span>
    </p>

    <p class='ocr_par' dir='ltr' id='par_1_15' title="bbox 335 3120 892 3307">
     <span class='ocr_line' id='line_1_24' title="bbox 335 3120 892 3210; baseline -0.022 -17"><span class='ocrx_word' id='word_1_96' title='bbox 335 3131 373 3193; x_wconf 95' lang='lat' dir='ltr'>Io</span> <span class='ocrx_word' id='word_1_97' title='bbox 388 3125 577 3210; x_wconf 86' lang='lat' dir='ltr'>Triumphe,</span> <span class='ocrx_word' id='word_1_98' title='bbox 593 3138 629 3188; x_wconf 90' lang='lat' dir='ltr'>tu</span> <span class='ocrx_word' id='word_1_99' title='bbox 643 3120 768 3186; x_wconf 86' lang='lat' dir='ltr'>moreris</span> <span class='ocrx_word' id='word_1_100' title='bbox 784 3139 892 3195; x_wconf 89' lang='lat' dir='ltr'>aureos</span> 
     </span>
     <span class='ocr_line' id='line_1_25' title="bbox 377 3225 827 3307; baseline -0.022 -12"><span class='ocrx_word' id='word_1_101' title='bbox 377 3233 508 3307; x_wconf 86' lang='lat' dir='ltr'>Currus,</span> <span class='ocrx_word' id='word_1_102' title='bbox 524 3241 555 3292; x_wconf 93' lang='lat' dir='ltr'>et</span> <span class='ocrx_word' id='word_1_103' title='bbox 570 3227 700 3291; x_wconf 88' lang='lat' dir='ltr'>intactas</span> <span class='ocrx_word' id='word_1_104' title='bbox 714 3225 827 3287; x_wconf 87' lang='lat' dir='ltr'>boves:</span> 
     </span>
    </p>

    <p class='ocr_par' dir='ltr' id='par_1_16' title="bbox 334 3323 955 3517">
     <span class='ocr_line' id='line_1_26' title="bbox 334 3323 955 3416; baseline -0.018 -20"><span class='ocrx_word' id='word_1_105' title='bbox 334 3334 373 3396; x_wconf 96' lang='lat' dir='ltr'>Io</span> <span class='ocrx_word' id='word_1_106' title='bbox 387 3328 555 3416; x_wconf 87' lang='lat' dir='ltr'>triumphe,</span> <span class='ocrx_word' id='word_1_107' title='bbox 571 3350 627 3392; x_wconf 89' lang='lat' dir='ltr'>nec</span> <span class='ocrx_word' id='word_1_108' title='bbox 642 3329 665 3389; x_wconf 83' lang='lat' dir='ltr'>J</span> <span class='ocrx_word' id='word_1_109' title='bbox 668 3323 836 3408; x_wconf 92' lang='lat' dir='ltr'>ugurthino</span> <span class='ocrx_word' id='word_1_110' title='bbox 851 3345 955 3408; x_wconf 89' lang='lat' dir='ltr'>parem</span> 
     </span>
     <span class='ocr_line' id='line_1_27' title="bbox 376 3426 786 3517; baseline -0.02 -20"><span class='ocrx_word' id='word_1_111' title='bbox 376 3434 468 3499; x_wconf 90' lang='lat' dir='ltr'>Bello</span> <span class='ocrx_word' id='word_1_112' title='bbox 482 3426 644 3517; x_wconf 73' lang='lat' dir='ltr'>reporthsti</span> <span class='ocrx_word' id='word_1_113' title='bbox 656 3428 766 3491; x_wconf 91' lang='lat' dir='ltr'>ducem</span> <span class='ocrx_word' id='word_1_114' title='bbox 777 3452 786 3501; x_wconf 79' lang='lat'>3</span> 
     </span>
    </p>

    <p class='ocr_par' dir='ltr' id='par_1_17' title="bbox 333 3525 1032 3719">
     <span class='ocr_line' id='line_1_28' title="bbox 333 3525 1032 3623; baseline -0.02 -19"><span class='ocrx_word' id='word_1_115' title='bbox 333 3539 445 3623; x_wconf 92' lang='lat' dir='ltr'>Neque</span> <span class='ocrx_word' id='word_1_116' title='bbox 459 3534 620 3610; x_wconf 89' lang='lat' dir='ltr'>Africano,</span> <span class='ocrx_word' id='word_1_117' title='bbox 636 3530 686 3595; x_wconf 92' lang='lat' dir='ltr'>cui</span> <span class='ocrx_word' id='word_1_118' title='bbox 702 3552 795 3615; x_wconf 88' lang='lat' dir='ltr'>super</span> <span class='ocrx_word' id='word_1_119' title='bbox 810 3525 1032 3611; x_wconf 79' lang='lat' dir='ltr'>Carthaginem</span> 
     </span>
     <span class='ocr_line' id='line_1_29' title="bbox 376 3632 860 3719; baseline -0.01 -19"><span class='ocrx_word' id='word_1_120' title='bbox 376 3639 483 3702; x_wconf 89' lang='lat' dir='ltr'>Virtus</span> <span class='ocrx_word' id='word_1_121' title='bbox 497 3632 694 3719; x_wconf 87' lang='lat' dir='ltr'>sepulchrum</span> <span class='ocrx_word' id='word_1_122' title='bbox 710 3632 860 3696; x_wconf 90' lang='lat' dir='ltr'>condidit.</span> 
     </span>
    </p>

    <p class='ocr_par' dir='ltr' id='par_1_18' title="bbox 333 3734 1147 4226">
     <span class='ocr_line' id='line_1_30' title="bbox 334 3734 963 3822; baseline -0.011 -17"><span class='ocrx_word' id='word_1_123' title='bbox 334 3742 436 3805; x_wconf 90' lang='lat' dir='ltr'>Terra</span> <span class='ocrx_word' id='word_1_124' title='bbox 449 3736 588 3822; x_wconf 87' lang='lat' dir='ltr'>marique</span> <span class='ocrx_word' id='word_1_125' title='bbox 603 3735 704 3799; x_wconf 88' lang='lat' dir='ltr'>victus</span> <span class='ocrx_word' id='word_1_126' title='bbox 718 3735 828 3815; x_wconf 90' lang='lat' dir='ltr'>hostis,</span> <span class='ocrx_word' id='word_1_127' title='bbox 842 3734 963 3800; x_wconf 90' lang='lat' dir='ltr'>Punico</span> 
     </span>
     <span class='ocr_line' id='line_1_31' title="bbox 376 3840 1032 3925; baseline -0.011 -20"><span class='ocrx_word' id='word_1_128' title='bbox 376 3840 527 3925; x_wconf 79' lang='lat' dir='ltr'>Lugubre</span> <span class='ocrx_word' id='word_1_129' title='bbox 541 3840 676 3902; x_wconf 85' lang='lat' dir='ltr'>mutavit</span> <span class='ocrx_word' id='word_1_130' title='bbox 691 3858 814 3921; x_wconf 84' lang='lat' dir='ltr'>sagum;</span> <span class='ocrx_word' id='word_1_131' title='bbox 1030 3902 1032 3906; x_wconf 71' lang='grc'>,</span> 
     </span>
     <span class='ocr_line' id='line_1_32' title="bbox 333 3935 1147 4009; baseline -0.016 -1"><span class='ocrx_word' id='word_1_132' title='bbox 333 3945 404 4008; x_wconf 88' lang='lat' dir='ltr'>Aut</span> <span class='ocrx_word' id='word_1_133' title='bbox 418 3941 472 4006; x_wconf 90' lang='lat' dir='ltr'>ille</span> <span class='ocrx_word' id='word_1_134' title='bbox 486 3952 610 4005; x_wconf 90' lang='lat' dir='ltr'>centum</span> <span class='ocrx_word' id='word_1_135' title='bbox 625 3938 760 4001; x_wconf 91' lang='lat' dir='ltr'>nobilem</span> <span class='ocrx_word' id='word_1_136' title='bbox 776 3939 903 4002; x_wconf 66' lang='lat' dir='ltr'>&#39;Cretam</span> <span class='ocrx_word' id='word_1_137' title='bbox 919 3935 1057 4008; x_wconf 85' lang='lat' dir='ltr'>urbibus,</span> <span class='ocrx_word' id='word_1_138' title='bbox 1143 4003 1147 4009; x_wconf 55' lang='grc'><em>,</em></span> 
     </span>
     <span class='ocr_line' id='line_1_33' title="bbox 377 4036 864 4127; baseline -0.023 -19"><span class='ocrx_word' id='word_1_139' title='bbox 377 4045 487 4108; x_wconf 88' lang='lat' dir='ltr'>Ventis</span> <span class='ocrx_word' id='word_1_140' title='bbox 501 4043 601 4127; x_wconf 81' lang='lat' dir='ltr'>iturus</span> <span class='ocrx_word' id='word_1_141' title='bbox 616 4061 677 4102; x_wconf 90' lang='lat' dir='ltr'>non</span> <span class='ocrx_word' id='word_1_142' title='bbox 693 4036 776 4109; x_wconf 85' lang='lat' dir='ltr'>suis;</span> <span class='ocrx_word' id='word_1_143' title='bbox 862 4106 864 4110; x_wconf 12' lang='lat' dir='ltr'>y</span> 
     </span>
     <span class='ocr_line' id='line_1_34' title="bbox 335 4139 937 4226; baseline -0.027 -12"><span class='ocrx_word' id='word_1_144' title='bbox 335 4147 531 4214; x_wconf 85' lang='lat' dir='ltr'>Exercitatas</span> <span class='ocrx_word' id='word_1_145' title='bbox 547 4155 601 4207; x_wconf 91' lang='lat' dir='ltr'>aut</span> <span class='ocrx_word' id='word_1_146' title='bbox 615 4140 693 4226; x_wconf 86' lang='lat' dir='ltr'>petit</span> <span class='ocrx_word' id='word_1_147' title='bbox 710 4141 817 4221; x_wconf 85' lang='lat' dir='ltr'>Syrtes</span> <span class='ocrx_word' id='word_1_148' title='bbox 832 4139 937 4209; x_wconf 84' lang='lat' dir='ltr'>Noto;</span> 
     </span>
    </p>
   </div>
   <div class='ocr_carea' id='block_1_7' title="bbox 0 0 1440 5010">
    <p class='ocr_par' dir='ltr' id='par_1_19' title="bbox 0 0 1440 5010">
     <span class='ocr_line' id='line_1_35' title="bbox 0 0 1440 5010; baseline 0 2"><span class='ocrx_word' id='word_1_149' title='bbox 0 0 1440 5010; x_wconf 95' lang='lat' dir='ltr'> </span> 
     </span>
    </p>
   </div>
  </div>
 </body>
</html>
