2948 5422
222 463 286 526 218
544 484 576 532 e·
599 485 746 529 notarri
773 485 899 532 ruaccr

266 631 368 697 Misce
382 633 545 698 stultitiam
561 635 697 699 consiliis
711 636 857 702 brevem:

350 736 453 802 Dulce
467 750 514 801 est
529 737 669 820 desipere
682 737 716 801 in
730 738 809 804 loco.

640 973 892 986 .---—..—-

493 1110 589 1174 ODE
613 1110 722 1173 XIII.
770 1107 823 1187 (rr.
842 1119 945 1191 xvir.)

619 1305 666 1348 Au
690 1305 817 1349 tremi.

262 1437 465 1511 Auurvnnn,
482 1433 582 1518 Lyce,
600 1433 656 1499 Dii
672 1457 741 1501 mea
756 1450 850 1510 vcta;
875 1438 932 1502 Dii

260 1536 428 1611 Audivere,
445 1537 551 1620 Lyce:
575 1536 612 1600 fis
627 1559 716 1618 anus,
731 1551 763 1602 ct
778 1551 881 1603 tamen

306 1638 361 1701 Vis
374 1639 507 1702 formosa
520 1637 619 1702 videri
632 1663 641 1712 ;

347 1739 521 1824 Ludisque‚
537 1752 569 1804 ct
583 1741 664 1806 bibis
678 1741 854 1826 impudens

260 1844 307 1906 Et
321 1855 415 1906 cantu
429 1843 561 1906 tremule
576 1857 649 1928 pota
664 1844 854 1928 Cupidinem

263 1945 400 2008 Lentum
417 1944 554 2008 solicitas
567 1971 576 2019 ;
601 1945 654 2008 ille
669 1945 797 2009 virentis
813 1959 844 2009 et

306 2048 417 2109 Doetae
432 2045 562 2128 psallere
579 2045 670 2108 Chiae

348 2146 496 2212 Pulchris
512 2149 644 2213 excubat
657 2148 690 2211 in
706 2148 804 2233 genis.

263 2254 465 2337 Impertuuus
481 2251 562 2315 euim
578 2249 747 2315 transvolat
762 2250 864 2315 aridas

261 2357 412 2432 Quercus,
428 2367 459 2418 et
472 2353 589 2437 refugit
604 2367 645 2431 tc,
661 2351 734 2437 quia
747 2351 841 2416 luridi

304 2457 436 2534 Dentes,
453 2468 484 2519 te
498 2454 571 2539 quia
585 2476 672 2538 rugae

345 2560 491 2642 Turpant
506 2570 538 2622 et
552 2555 663 2641 capitis
677 2556 776 2619 nives.

261 2659 329 2722 Nee
345 2661 421 2723 Ccae
436 2658 573 2724 referunt
582 2658 648 2744 jam
665 2657 722 2722 tibi
737 2679 894 2742 purpurae,

259 2761 328 2824 Nee
344 2760 418 2822 clari
432 2759 562 2841 lapides,
580 2772 728 2844 tempora,
744 2781 813 2844 quoe
829 2760 922 2825 semel

303 2862 396 2925 Notis
411 2861 535 2926 condita
550 2861 637 2925 fastis

346 2962 480 3026 inclusit
495 2960 629 3025 volucris
644 2961 718 3024 dies.

259 3071 329 3145 Quo
343 3065 425 3150 fugit
441 3066 571 3128 Venus?
597 3065 691 3128 Heu!
716 3086 816 3149 quove
831 3067 935 3130 color?
959 3068 1071 3132 decens

256 3173 326 3247 Quo
340 3166 466 3230 motus?
491 3167 566 3250 quid
581 3167 677 3231 habes
693 3166 788 3254 illius,
803 3168 900 3247 illius,

297 3274 376 3348 Quae
392 3269 528 3352 spirabat
544 3291 675 3347 amores,
776 3321 778 3326 .

339 3373 417 3448 Quae
433 3392 482 3433 me
497 3383 659 3452 surpuerat
671 3370 773 3433 mihi?

254 3472 345 3535 Felix
360 3485 430 3556 post
446 3471 604 3549 Cinaram,
621 3484 754 3558 notaque
769 3487 801 3537 et
815 3474 928 3538 artium

254 3574 421 3638 Gratarum
437 3573 550 3638 facies:
576 3575 631 3638 sed
647 3575 772 3642 Cinara*
786 3578 893 3641 breves

295 3678 408 3739 Annos
422 3675 486 3740 fata
501 3677 665 3755 dederunt,

339 3779 504 3842 Servatum
519 3779 574 3842 diu
589 3802 694 3862 parem

250 3879 391 3942 Cornicis
406 3880 519 3943 vetulae
536 3881 726 3964 temporibus
744 3881 872 3965 Lyccn;

247 3983 378 4045 l'ussent
393 3995 428 4044 ut
439 3982 571 4065 juvenes
587 3983 685 4047 visere
700 3982 824 4059 fervidi,

288 4083 395 4147 Multo
410 4107 472 4147 nun
488 4084 553 4148 sine
565 4083 640 4163 risu,

331 4186 499 4269 Delapsam
514 4188 548 4252 in
560 4187 676 4254 eineres
692 4188 800 4254 facem.
