2872 5010
213 416 277 488 196
539 439 571 486 o.
595 435 743 480 nourrii
769 437 892 481 vincet

150 573 152 579 ¹
213 590 361 656 Sedatum
377 590 503 668 celeres,
518 589 630 675 agilem
646 610 843 674 gnavumque
858 587 974 653 remissi
990 612 998 661 ς
1171 595 1219 661 90

211 693 340 758 Potores
354 693 465 778 liquidi
481 693 582 758 media
597 693 637 756 de
652 691 721 755 luce
736 690 863 755 Falerni

211 796 356 861 Oderunt
370 810 509 879 porrecta
524 808 687 881 negantem
702 794 833 878 pocula;
856 793 998 879 quamvis

211 898 388 961 Nocturuos
397 900 485 983 jures
500 912 531 963 te
544 897 709 961 formidare
723 918 862 980 vapores.

209 997 311 1062 Deme
326 999 489 1084 supercilio
504 1000 637 1063 nubem:
661 998 842 1082 plerumque
857 998 1014 1061 modestus

209 1102 352 1186 Occupat
366 1103 487 1167 obscuri
500 1101 645 1186 speciem,
661 1098 833 1163 taciturnus
848 1098 961 1163 acerbi.
1165 1104 1212 1169 95

210 1203 299 1267 Inter
312 1217 424 1268 cuncta
437 1202 520 1288 leges
535 1216 567 1268 et
580 1201 820 1286 percunctabere
833 1200 952 1277 doctos,

209 1305 280 1381 Qus
293 1305 411 1369 ratione
426 1325 520 1390 queas
534 1303 695 1368 traducere
709 1301 820 1366 leniter
835 1323 950 1379 sevum,

209 1406 260 1469 Ne
274 1418 305 1470 te
320 1406 543 1491 semper-inops
557 1405 654 1490 agitet
668 1417 819 1489 vexetque
833 1404 958 1488 cupido,

208 1507 260 1572 Ne
273 1530 369 1593 pavor
383 1523 415 1574 et
430 1530 531 1574 rerum
547 1507 742 1573 mediocriter
755 1507 879 1571 utilium
895 1529 981 1592 spes:

208 1607 364 1675 Virtutem
381 1612 522 1676 doctrina
535 1623 634 1696 paret,
649 1623 799 1674 naturane
812 1610 927 1684 donet;
1144 1612 1210 1675 100

208 1707 294 1786 Quid
309 1709 429 1774 minuat
444 1732 543 1788 curas,
559 1709 635 1794 quid
650 1722 681 1772 te
694 1708 749 1772 tibi
761 1708 870 1772 reddat
883 1707 1033 1784 amicum;

207 1808 292 1885 Quid
308 1832 384 1893 pure
400 1811 589 1897 tranquillet,
605 1810 714 1886 honos,
729 1831 768 1874 an
784 1810 875 1874 dulce
889 1810 1048 1889 lucellum,

206 1909 257 1972 An
273 1926 423 1975 secretum
439 1914 508 1989 iter,
524 1925 555 1976 et
570 1911 705 1975 fallentis
720 1911 830 1975 semita
845 1911 931 1975 vitm.

205 2009 263 2073 Me
276 2012 396 2094 quoties
410 2013 510 2075 reficit
523 2012 645 2096 gelidus
660 2011 812 2094 Digentia
826 2012 923 2090 rivus,

205 2113 306 2188 Quem
321 2113 473 2178 Mandela
488 2114 579 2191 bibit,
594 2135 724 2197 rugosus
740 2112 858 2198 frigore
872 2135 983 2199 pagus,
1135 2121 1202 2185 105

202 2213 290 2290 Quid
304 2215 417 2280 sentire
432 2221 543 2301 putas?
566 2216 642 2301 quid
656 2216 767 2294 credis,
782 2217 890 2293 amice,
906 2219 1046 2301 precari?

205 2316 254 2381 Sit
269 2315 346 2381 mihi
362 2320 445 2404 quod
460 2340 543 2384 nunc
557 2333 624 2393 est;
649 2318 741 2383 etiam
757 2319 879 2381 minus:
904 2320 1026 2384 etmihi
1043 2323 1148 2387 vivam

200 2418 295 2494 Quod
310 2433 449 2503 superest
463 2421 535 2498 aevi,
550 2420 652 2506 siquid
666 2442 824 2505 superesse
839 2419 948 2484 volunt
963 2422 1040 2487 Dii:

203 2518 253 2581 Sit
268 2519 349 2584 bona
360 2521 506 2586 librorum
522 2536 554 2587 et
564 2523 698 2607 provisae
712 2522 810 2607 frugis
825 2521 858 2585 in
873 2545 988 2587 annum

201 2619 322 2702 Copia3
347 2643 407 2685 neu
423 2622 541 2686 fluitem
557 2624 661 2688 dubim
676 2647 730 2708 spe
745 2625 898 2708 pendulus
909 2626 1003 2689 bone.
1127 2631 1195 2694 110

202 2719 265 2782 Sed
280 2723 354 2783 satis
369 2736 416 2785 est
429 2745 515 2787 orare
530 2727 553 2787 J
556 2747 643 2788 ovem
659 2749 730 2809 quae
745 2726 840 2789 donat
855 2739 887 2789 et
900 2725 1019 2791 aufert:

203 2822 269 2885 Det
287 2822 394 2897 vitam,
409 2823 463 2887 det
477 2844 568 2906 opes:
594 2847 716 2907 aequum
732 2826 775 2888 mi
791 2828 928 2891 animum
943 2830 1010 2913 ipse
1024 2830 1148 2913 parabo.

509 3246 749 3310 EPISTOLA
774 3249 879 3313 XIX.

539 3416 585 3458 AD
609 3416 845 3462 MAECENATEM.

197 3551 324 3614 Perseo
338 3549 363 3610 si
380 3549 489 3626 credis,
508 3550 667 3614 Maecenas
681 3550 783 3629 docte,
801 3552 941 3630 Cratino,

196 3650 294 3716 Nulla
307 3651 427 3734 plaeere
442 3653 508 3730 diu,
524 3674 580 3717 nec
597 3656 700 3718 vivere
715 3655 849 3719 carmina
864 3671 1004 3740 possunt,

195 3758 274 3832 Quae
289 3753 466 3817 scribuntur
480 3778 568 3839 aquoe
583 3758 763 3839 potoribus:
788 3772 823 3821 ut
839 3757 918 3822 male
932 3781 1023 3823 sanos

194 3855 351 3942 Ascripsit
368 3855 464 3918 Liber
480 3857 599 3938 Satyris
615 3859 794 3940 Faunisque
810 3867 927 3940 poetas,

193 3961 274 4023 Vina
289 3960 351 4022 fere
367 3957 472 4021 dulces
484 3955 627 4018 oluerunt
643 3978 733 4019 mane
750 3960 920 4022 Camoenae.
1157 3968 1186 4040 Ι5

193 4063 357 4127 Laudibus
372 4060 511 4145 arguitur
525 4057 590 4119 vini
607 4057 731 4120 vinosus
751 4058 925 4124 Homerus:

192 4165 316 4229 Ennius
330 4165 396 4248 ipsc
411 4176 498 4247 pater
511 4181 669 4243 nunquam
685 4160 743 4224 nisi
758 4174 851 4244 potus
865 4163 905 4226 ad
921 4186 1006 4229 arma
