2948 5422
544 444 576 493 Q·
589 445 738 489 BOBA'l'll
762 445 887 490 rnnccl

472 621 568 685 ODE
594 620 633 683 V.
679 617 845 696 (murnum
863 625 969 704 xvn.)

586 815 633 857 AD
658 815 838 860 PYRBHAH.

265 968 349 1044 Quis
365 963 464 1027 multa
477 963 602 1047 gracilis
618 976 649 1027 te
663 985 741 1049 puer
755 966 788 1030 in
803 988 872 1032 rosa

265 1069 413 1134 Perfusus
428 1065 554 1151 liquidis
565 1079 679 1151 urguet
694 1067 840 1133 odoribus

309 1173 420 1247 Grato,
433 1168 565 1253 Pyrrha,
581 1168 640 1233 sub
654 1172 770 1234 antro?

351 1271 413 1336 Cui
428 1269 539 1336 flavam
554 1269 667 1355 religas
678 1293 795 1337 comam

267 1374 406 1459 Simplex
418 1372 603 1437 munditiis?
626 1374 703 1438 Heu
716 1374 837 1459 quoties
853 1375 944 1441 fidem
1007 1375 1009 1379 ’

265 1481 468 1561 Mutatosque
483 1476 559 1539 deos
573 1473 670 1554 flebit,
685 1489 717 1541 et
732 1498 840 1561 aspera

309 1578 417 1663 Nigris
431 1599 554 1663 aequcra
568 1579 669 1643 ventis

351 1679 544 1745 Emirabitur
558 1680 704 1760 insolens,

266 1779 328 1861 Qui
343 1803 426 1846 nunc
441 1794 471 1845 te
485 1780 600 1847 fruitur
614 1784 758 1849 credulus
772 1805 883 1859 aurea3

266 1883 329 1964 Qui
344 1905 465 1968 semper
478 1905 619 1964 vacuam,
636 1907 755 1970 semper
770 1886 932 1951 amabilem

309 1987 430 2069 Sperat,
445 1984 568 2048 nescius
583 2006 668 2048 auroe

349 2084 503 2149 Fallacia!
550 2085 660 2151 Miseri
675 2086 787 2173 quibus

267 2190 427 2254 Intentata
439 2187 531 2254 nites.
577 2191 635 2255 Me
650 2190 756 2256 tabula
770 2213 855 2256 sacer

266 2290 380 2355 Votiva
394 2291 495 2375 paries
509 2290 628 2358 indicat
641 2294 738 2359 uvida

309 2395 513 2478 Suspendisae
526 2397 647 2481 potenti

352 2496 545 2563 Vestimenta
560 2500 652 2565 maris
667 2502 748 2565 Deo.

477 2798 574 2862 ODE
598 2796 657 2860 VI.
705 2793 870 2871 (murnum
886 2803 971 2880 avr.)

596 2955 643 2997 An
660 2953 852 2996 AGRJPPAM.

267 3079 452 3140 Scarnsrus
469 3070 563 3135 Vario
577 3068 677 3144 fortis,
693 3081 725 3132 et
739 3067 875 3131 hostium

266 3177 385 3252 Victor,
401 3172 532 3239 Maeonii
547 3171 692 3237 carminis
707 3170 785 3249 aliti,

267 3282 369 3358 Quam
384 3298 447 3343 rem
464 3298 585 3360 cunque
599 3275 686 3339 ferox
700 3273 833 3338 navibus
848 3287 902 3338 aut
917 3276 1004 3359 equis
1061 3356 1065 3365 .

440 3379 537 3443 Miles
552 3391 583 3442 te
597 3378 676 3441 duce
690 3375 828 3462 gesserit.

266 3484 346 3560 Nos,
362 3482 517 3567 Agrippa,
533 3502 633 3565 neque
647 3480 716 3543 haec
731 3479 844 3557 dicere,
860 3501 917 3544 nec
931 3501 1056 3564 gravem

267 3586 389 3652 Pelidae
402 3582 608 3660 stomachum,
624 3583 732 3647 cedere
746 3581 854 3659 nescii,

247 3691 250 3698 '
267 3688 336 3752 Nec
350 3706 458 3750 cursus
472 3683 606 3769 duplicis
621 3706 676 3768 per
691 3706 774 3749 mare
790 3684 930 3770 Ulyssei,

438 3787 507 3850 Nec
522 3807 635 3850 saevam
651 3787 777 3873 Pelopis
792 3787 930 3865 domum,

268 3894 437 3967 Connmm,
453 3902 562 3953 tenues
576 3890 728 3973 grandia3
746 3890 821 3953 dum
838 3891 949 3974 pudor,

269 3992 470 4078 Imbellisque
484 3991 561 4076 lyrae
578 3992 674 4054 Musa
687 4003 798 4076 potens
813 4005 898 4056 vetat

268 4095 395 4160 Laudes
410 4093 526 4180 egregii
543 4092 675 4182 Caesaris
691 4105 722 4156 et
737 4106 806 4157 tuas

433 4197 536 4282 Culpa
551 4198 687 4262 deterere
703 4195 818 4281 ingeni.
