2872 5010
566 537 701 583 EPODON
724 538 840 581 LIBER.

295 690 415 756 Malvae
431 689 567 754 salubres
583 688 713 774 corpori,

251 793 307 857 Vel
324 815 404 879 agna
417 792 505 856 festis
520 815 600 857 caesa
615 790 859 868 Terminalibus,

292 896 351 959 Vel
366 894 475 959 haedus
490 910 614 980 ereptus
628 895 716 978 lupo.

250 999 320 1062 Has
336 998 416 1061 inter
430 997 549 1081 epulas,
565 1010 600 1059 ut
610 997 703 1082 juvat
716 1008 820 1079 pastas
835 1017 908 1060 oves

292 1098 405 1161 Videre
420 1110 618 1182 properantes
629 1097 755 1161 domum
769 1097 775 1161 !

251 1198 362 1263 Videre
376 1199 470 1262 fessos
486 1221 639 1263 vomerem
655 1200 811 1264 inversum
827 1199 923 1265 boves

293 1301 383 1365 Collo
399 1300 554 1366 trahentes
568 1301 727 1386 languido,

248 1403 431 1487 Positoaque
445 1425 565 1479 vernas,
580 1403 654 1466 ditis
669 1423 797 1466 examen
812 1401 933 1477 domus,
976 1406 978 1412 ’

295 1505 422 1568 Circum
437 1505 613 1568 renidentes
630 1504 744 1567 Lares!

247 1607 329 1669 Haec
345 1606 399 1669 ubi
414 1606 537 1669 locutus
551 1605 719 1668 foenerator
733 1604 845 1682 Alfius,

291 1705 428 1790 Jamjam
444 1705 568 1770 futurus
583 1705 728 1783 rusticor,

250 1810 383 1892 Omnem
400 1808 520 1891 redegit
537 1807 648 1871 Idibus
664 1807 845 1892 pecuniam

295 1909 417 1988 Quaerit
433 1910 580 1974 Calendis
596 1931 718 1994 ponere.

589 2381 658 2444 111.
706 2378 758 2455 (a.
785 2386 823 2463 1.)

554 2555 600 2596 AD
624 2552 859 2597 MAECENATEM.

257 2724 441 2786 Passurus
457 2722 530 2786 olim
547 2721 644 2806 siquis
656 2721 752 2805 impia
767 2742 860 2784 manu

295 2824 399 2888 Senile
412 2837 521 2907 guttur
535 2823 673 2907 fregerit,

251 2925 332 2989 Edit
347 2925 457 2989 cicutis
472 2925 566 2990 aliurn
583 2924 754 2988 nocentius.

295 3030 324 3090 Ο
342 3027 421 3091 dura
437 3049 605 3091 messorum
621 3022 691 3090 ilia!

159 3168 165 3179 ·
251 3129 335 3208 Quid
350 3129 409 3192 hoc
425 3130 535 3193 veneni
552 3129 642 3193 saevit
657 3129 689 3190 in
704 3126 902 3213 praecordiis?

293 3232 379 3294 Num
395 3230 553 3315 viperinus
568 3231 617 3294 his
632 3252 722 3293 cruor

252 3333 399 3395 Incoctus
413 3331 517 3396 herbis
534 3354 583 3396 me
598 3332 735 3396 fefellit?
759 3353 798 3396 an
814 3330 910 3394 malas

295 3433 429 3499 Canidia
444 3434 588 3499 tractavit
602 3434 721 3519 dapes?

251 3536 300 3598 Ut
315 3537 510 3619 Argonautas
526 3550 638 3620 proeter
653 3558 759 3600 omnes
774 3533 940 3600 candidum

293 3638 409 3701 Medea
424 3638 534 3703 mirata
548 3652 596 3703 est
610 3639 731 3714 ducem,

254 3740 367 3824 Ignota
382 3741 478 3804 tauris
493 3740 686 3824 illigatumm
698 3739 778 3822 juga

295 3841 447 3904 Perunxit
461 3840 520 3905 hoc
537 3842 699 3904 Iasonem:

251 3944 324 4007 Hoc
339 3943 485 4008 delibutis
500 3943 567 4007 ulta
581 3943 670 4011 donis
685 3941 839 4027 pellicem,

295 4049 444 4131 Serpentc
458 4047 540 4132 fugit
555 4046 637 4110 alite.

252 4149 319 4213 Nec
335 4161 439 4213 tantus
456 4171 590 4234 unquam
607 4149 741 4214 siderum
758 4145 872 4211 insedit
887 4164 983 4227 vapor

295 4250 470 4316 Siticulosae
485 4251 651 4335 Appuliae;

1020 4343 1075 4405 re
