2872 5010
484 516 672 559 saumouuu
701 517 765 559 tus.
792 517 830 558 tt.
855 501 885 560 5.

192 669 274 730 Ante
291 667 403 732 Larem
420 680 526 750 gustet
542 667 746 731 venerabilior
761 667 845 731 Lara
858 667 968 741 dives;

194 769 256 846 Qui
271 769 411 853 quamvis
424 769 565 854 perjurus
580 769 650 847 erit,
667 770 733 833 sine
747 781 851 854 gente,
867 784 1014 835 cruentus
1146 774 1187 838 15

195 870 352 954 Sanguine
366 869 512 947 fraterno,
528 871 681 956 fugitivus
694 898 703 944 ;
728 894 767 936 ue
783 885 886 937 tamen
902 873 949 937 illi

194 976 249 1036 Tu
264 995 364 1038 comes
379 974 522 1050 exterior,
539 973 564 1037 si
579 974 728 1058 postulet,
746 975 791 1038 ire
805 996 935 1040 recuses.

194 1075 223 1146 ll
240 1076 328 1140 Utne
342 1090 443 1162 tegam
460 1097 570 1162 spurco
586 1077 698 1142 Damae
714 1076 818 1141 latus?
833 1075 919 1141 baud
930 1077 974 1142 ita
992 1080 1099 1165 Trojm

194 1180 252 1243 Me
266 1179 358 1263 gessi,
374 1192 494 1243 certans
509 1199 629 1263 semper
643 1177 831 1245 melioribus.
876 1179 904 1252 ll
917 1182 1006 1266 Ergo

194 1282 318 1365 Pauper
331 1281 399 1345 eris.
435 1282 463 1352 ll
481 1280 606 1346 Fortem
622 1280 682 1345 hoe
696 1281 833 1346 animum
849 1283 981 1348 tolerare
990 1280 1126 1369 jubebo:
1140 1287 1184 1349 ‘20

193 1383 239 1447 Et
252 1383 406 1468 quondam
422 1383 540 1468 majora
554 1383 623 1448 tuli.
670 1385 725 1446 Tu
740 1383 892 1468 protinus,
907 1386 993 1449 unde

194 1483 331 1549 Divitias
345 1485 476 1571 aerisque
490 1507 589 1562 ruam,
605 1485 657 1549 dic
671 1487 793 1569 Augur,
809 1506 943 1550 acervos.

194 1585 304 1657 ttDixi
319 1588 473 1672 equidem,
486 1599 518 1651 et
533 1587 615 1652 dico.
660 1588 777 1669 Captes
791 1599 912 1651 astutus
926 1587 1041 1673 ubique

195 1690 398 1752 Testamenta
413 1709 541 1752 senum:
566 1710 628 1752 neu
644 1688 669 1751 si
685 1687 770 1751 vafer
784 1709 866 1751 unus
880 1700 911 1752 et
925 1689 1004 1754 alter

196 1790 414 1854 Insidiatorem
429 1812 563 1875 praeroso
577 1789 692 1876 fugerit
707 1788 810 1869 hamo,
1146 1793 1188 1856 25

194 1893 263 1955 Aut
275 1913 366 1978 spem
377 1893 526 1978 deponas,
543 1904 598 1959 aut
614 1906 711 1958 artem
726 1893 837 1958 illusus
852 1891 988 1958 omittas.

195 1996 317 2080 Magna
330 1995 469 2060 minorve
482 1996 548 2060 foro
563 1995 589 2059 si
603 2018 652 2060 res
666 1994 834 2060 certabitur
843 1993 929 2073 olim,

195 2098 288 2163 Vivet
302 2113 371 2163 uter
385 2099 523 2184 locuples
535 2099 600 2163 sine
612 2098 705 2176 natis,
720 2098 880 2183 improbus
894 2098 977 2162 ultro

195 2201 258 2278 Qui
271 2201 428 2265 meliorem
444 2202 546 2265 audax
560 2213 649 2264 vocet
664 2200 695 2262 in
706 2201 772 2284 jus,
787 2200 873 2262 illius
887 2212 954 2262 esto

195 2298 367 2367 Defensor:
391 2302 475 2367 fama
489 2301 588 2365 civem
602 2320 757 2384 causaque
771 2299 903 2383 priorem
1148 2303 1191 2365 30

197 2405 325 2488 Sperne,
340 2403 424 2467 domi
440 2403 465 2466 si
481 2415 573 2466 natus
588 2401 648 2466 erit
661 2401 834 2466 fecundave
848 2400 973 2485 conjux.

195 2505 324 2584 Quinte,
340 2518 427 2590 puta,
441 2518 495 2570 aut
511 2503 607 2569 Publi
623 2501 777 2589 (gaudent
791 2502 981 2588 praenomine
994 2504 1103 2569 molles

195 2608 373 2691 Auriculae)
385 2606 441 2672 tibi
456 2629 506 2670 me
520 2605 619 2671 virtus
635 2618 688 2671 tua
701 2605 778 2671 fecit
791 2607 924 2671 amicum
937 2623 945 2662 τ

194 2711 218 2773 J
219 2732 257 2773 us
272 2732 384 2794 anceps
398 2710 482 2788 novi,
498 2730 604 2774 causas
619 2708 784 2774 defendere
798 2731 941 2795 possum:

195 2809 317 2897 Eripiet
332 2812 433 2898 quivis
447 2812 552 2877 oculos
568 2812 660 2876 citius
676 2811 764 2890 mihi,
780 2834 872 2899 quam
888 2826 919 2877 te
1143 2819 1186 2881 35

156 2932 161 2937 ·
195 2916 396 2980 Contemtum
412 2937 524 3001 quassa
538 2937 619 2979 nuce
632 2927 801 2999 pauperet:
826 2915 894 2980 baec
909 2937 978 2979 mea
992 2937 1066 2979 eura
1079 2930 1137 2992 est,

194 3018 245 3081 Ne
260 3018 335 3104 quid
353 3031 388 3082 tu
402 3018 524 3102 perdas,
536 3040 598 3082 neu
613 3017 654 3081 sis
663 3018 774 3102 jocus:
798 3016 843 3082 ire
858 3019 983 3082 domum
999 3031 1091 3104 atque

192 3120 374 3184 Pelliculam
390 3142 498 3184 curare
507 3120 604 3205 jube:
628 3118 648 3181 fl
664 3119 806 3203 cognitor
819 3120 897 3204 ipse.

195 3222 314 3300 Pensm,
331 3234 423 3306 atque
437 3221 568 3300 obdura,
583 3243 640 3285 seu
653 3221 746 3286 rubra
761 3221 903 3287 canicula
916 3221 1015 3287 findet

196 3321 336 3387 Infantes
351 3336 488 3395 statuas;
512 3345 567 3386 seu
581 3323 691 3408 pingui
706 3335 809 3388 tentus
823 3345 927 3388 omaso

194 3418 310 3488 Furius
323 3424 467 3490 hibernas
482 3447 558 3490 cans
572 3425 645 3490 nive
660 3441 811 3510 conspuet
824 3426 929 3511 Alpes.

194 3527 308 3591 Nonne
322 3526 409 3590 vides
425 3527 546 3612 (aliquis
561 3526 666 3591 cubito
680 3540 814 3592 stantem
828 3549 924 3614 prope
940 3541 1069 3614 tangens

195 3627 333 3712 Inquiet)
351 3639 386 3692 ut
400 3627 540 3712 patiens!
556 3642 593 3693 ut
607 3629 713 3694 amieis
728 3634 839 3714 aptus!
856 3643 892 3693 ut
908 3636 997 3694 acer!

194 3730 305 3794 Plures
320 3730 480 3796 annabunt
494 3729 619 3809 thunni,
634 3743 666 3795 et
680 3731 794 3795 cetaria
807 3745 954 3796 crescent.

193 3832 227 3896 Si
243 3831 294 3896 cui
307 3846 456 3917 praeteres
469 3833 591 3897 validus
606 3832 686 3896 male
699 3831 782 3896 filius
796 3832 829 3895 in
844 3855 877 3897 re

191 3933 345 3998 Praeclara
359 3935 497 4000 sublatus
512 3934 630 4008 cletum·
655 3957 694 3998 ne
708 3935 904 4000 manifestum

192 4035 322 4100 Coelibis
337 4037 518 4122 obsequium
533 4038 632 4102 nudet
647 4051 688 4116 te,
704 4038 815 4103 leniter
828 4040 861 4102 in
878 4061 963 4124 spem

192 4139 321 4224 Adrepe
335 4139 501 4220 officiosus,
516 4154 552 4205 ut
566 4153 597 4204 et
612 4141 744 4206 scribare
758 4142 912 4205 secundus

194 4242 317 4320 Hoeres,
333 4256 365 4308 et
379 4242 474 4328 siquis
490 4265 577 4309 casus
592 4266 722 4329 puerum
737 4244 835 4327 egerit
850 4245 945 4322 Orco,

997 4367 1015 4409 r:
1039 4348 1061 4408 2
