2948 5422
296 470 339 531 54
621 489 651 533 a.
676 487 823 529 nornen
849 487 973 530 rancor

296 638 365 702 Nec
380 658 448 701 sum
463 636 600 700 facturus
616 637 692 701 vitio
707 637 837 721 culpave
849 637 1020 712 minorem;

298 739 332 804 Si
348 760 478 803 veneror
491 737 605 802 stultus
616 737 697 802 nihil
711 737 842 812 horum;
868 741 897 804 0
913 739 940 803 si
958 738 1092 825 angulus
1101 739 1155 806 ille

297 840 465 905 Proximus
480 841 616 919 accedat,
628 841 682 926 qui
697 863 781 905 nunc
790 840 953 905 denormat
968 841 1104 926 agellum
1119 839 1127 906 l

297 944 326 1007 0
343 943 369 1006 si
384 965 492 1007 urnam
505 943 624 1028 argenti
638 943 700 1006 fors
715 965 785 1027 quae
799 941 876 1006 mihi
893 955 1041 1007 monstret
1056 940 1064 1006 l
1088 957 1125 1010 ut
1138 945 1197 1028 illi,
1253 953 1300 1018 10

299 1044 463 1108 Thesauro
477 1043 604 1108 iniento
618 1043 672 1128 qui
687 1044 893 1108 mercenarius
908 1066 1017 1130 agrum

299 1147 395 1212 Illum
411 1147 512 1230 ipsum
528 1158 680 1210 mercatus
694 1145 804 1224 aravit,
820 1146 908 1210 dives
923 1145 1022 1212 amico

298 1249 448 1313 Hercule.
473 1248 518 1325 si,
528 1247 611 1332 quod
621 1248 719 1325 adest,
729 1258 851 1331 gratum
861 1247 973 1332 juvat;
998 1247 1057 1312 hac
1071 1271 1162 1334 prece
1176 1263 1285 1334 teoro,

298 1351 421 1435 Pingue
435 1371 529 1434 pecus
544 1348 669 1414 domino
684 1348 789 1428 facias,
805 1362 837 1414 et
852 1362 974 1428 caetera,
989 1363 1104 1434 praeter

299 1452 484 1537 Ingenium:
509 1463 604 1536 utque
618 1453 708 1528 soles,
725 1465 828 1516 custos
842 1451 921 1515 milri
936 1451 1088 1516 maximus
1102 1453 1194 1519 adsis.
1249 1458 1295 1522 15

298 1556 387 1638 Ergo
401 1555 455 1618 ubi
470 1576 519 1618 me
533 1554 566 1617 in
582 1565 701 1618 montes
716 1567 748 1618 et
762 1554 794 1617 in
810 1576 910 1618 arcem
926 1576 966 1617 ex
981 1555 1059 1618 urbe
1072 1557 1201 1636 removi,

300 1651 400 1732 (Quid
415 1654 501 1740 prius
515 1655 665 1719 illustrem
683 1655 792 1720 Satiris
808 1657 963 1741 Musaque
977 1657 1112 1741 pedestri
1119 1661 1149 1741 P)

299 1758 368 1822 Nec
382 1757 464 1822 mala
478 1779 528 1822 me
543 1757 670 1823 ambitio
684 1756 798 1842 perdit,
814 1780 870 1821 nec
886 1758 1048 1842 plumbeus
1064 1760 1192 1835 Auster,

297 1860 543 1945 Autumnusque
557 1860 671 1943 gravis,
687 1859 840 1923 Libitinae
854 1871 991 1944 quaestus
1005 1860 1132 1924 acerbae.

297 1959 457 2024 Matutine
471 1975 569 2043 pater,
586 1982 640 2022 seu
655 1962 678 2023 J
680 1981 737 2024 ane
752 1960 897 2024 libentius
912 1960 1013 2038 audis,
1251 1964 1298 2027 20

298 2061 394 2124 Unde
409 2060 551 2125 homines
565 2082 691 2145 operum
707 2061 822 2144 primos
836 2061 971 2146 vitaeque
985 2062 1106 2127 labores

299 2162 476 2227 Instituunt
492 2162 551 2244 (sic
562 2162 635 2227 Diis
650 2163 813 2247 placitum)
827 2175 862 2228 tu
877 2163 1020 2228 carminis
1035 2176 1102 2229 esto

298 2264 503 2351 Principium.
548 2267 660 2330 Romae
675 2287 852 2351 sponsorem
868 2287 917 2329 me
932 2265 1024 2350 rapis.
1070 2266 1098 2338 il
1116 2265 1190 2351 Eja,

299 2367 350 2431 Ne
364 2368 448 2453 prior
462 2367 562 2433 officio
578 2369 738 2455 quisquam
756 2367 949 2453 respondeat,
964 2388 1081 2452 urgue:

300 2468 373 2534 Sive
388 2472 506 2556 Aquilo
520 2472 601 2537 radit
618 2485 724 2544 terras,
740 2493 795 2535 seu
809 2471 917 2534 bruma
932 2469 1065 2532 nivalem
1249 2474 1294 2537 25

299 2572 451 2637 Interiore
465 2573 547 2638 diem
564 2596 641 2658 gyro
656 2572 762 2651 trahit,
779 2573 823 2636 ire
838 2593 961 2636 necesse
976 2583 1033 2634 est.

299 2674 327 2744 il
346 2675 523 2752 Postmodo,
539 2675 624 2760 quod
639 2676 683 2738 mi
698 2675 789 2749 obsit,
805 2675 885 2739 clare
899 2686 1078 2759 certumque
1091 2673 1206 2750 locuto,

299 2775 500 2840 Luctandum
513 2776 545 2838 in
562 2777 671 2849 turba;
695 2776 836 2840 l'acienda
850 2775 964 2862 injuria
980 2777 1085 2841 tardis.

300 2878 328 2948 il
346 2877 431 2955 Quid
445 2876 493 2940 vis
508 2876 634 2940 insane?
651 2889 682 2938 et
697 2899 772 2961 quas
786 2899 834 2940 res
850 2878 939 2961 agis?
954 2879 1112 2964 improbus
1126 2892 1239 2964 urguet

299 2980 393 3044 Iratis
408 2979 569 3064 precibus;
595 2993 629 3043 tu
644 2978 747 3064 pulses
763 2999 852 3043 omne
862 2970 950 3065 ¹quod
964 2983 1075 3057 obstat,
1248 2984 1295 3048 30

300 3082 356 3146 Ad
372 3084 577 3148 Maecenatem
593 3082 721 3148 memori
736 3081 761 3145 si
776 3094 879 3146 mente
894 3087 1055 3149 recurras?

302 3183 330 3254 il
350 3182 420 3247 Hoc
430 3186 533 3268 juvat,
549 3199 581 3248 et
596 3185 679 3248 melli
693 3199 751 3260 est,
767 3206 828 3247 non
845 3185 985 3248 mentiar.
1030 3188 1078 3249 At
1093 3186 1185 3249 simul
1199 3198 1282 3249 atras

302 3287 436 3349 Ventum
452 3299 499 3348 est
514 3285 682 3368 Esquilias,
699 3286 799 3348 aliena
814 3286 939 3367 negotia
952 3300 1077 3350 centum

302 3385 364 3450 Per
378 3399 514 3469 caputet
529 3386 608 3449 circa
623 3384 738 3448 saliunt
752 3384 843 3447 latus.
888 3386 976 3447 Ante
991 3389 1157 3453 secundam

301 3490 435 3554 Roscius
449 3488 556 3552 orabat
571 3487 630 3551 sibi
645 3487 766 3551 adesses
781 3485 821 3549 ad
837 3485 949 3549 Puteal
964 3506 1039 3548 cras.
1249 3492 1293 3556 35

301 3593 352 3655 De
366 3613 399 3654 re
414 3590 568 3653 communi
585 3588 692 3653 scribae
707 3609 819 3672 magna
833 3601 925 3673 atque
940 3608 1020 3651 nova
1035 3601 1066 3651 tc

302 3694 440 3757 Orabant
454 3691 547 3756 hodie
563 3690 765 3770 meminisses,
781 3691 909 3770 Quinte,
924 3690 1047 3754 reverti.

301 3793 466 3878 Imprimat
480 3793 529 3857 his
544 3816 618 3858 cura
631 3797 790 3860 Maecenas
806 3794 894 3879 signa
909 3793 1040 3857 tabellis.

298 3897 436 3973 Dixeris,
453 3898 626 3980 Experiar:
653 3897 685 3961 Si
702 3898 760 3974 vis,
776 3911 875 3981 potes,
893 3896 991 3973 addit,
1007 3909 1038 3959 et
1054 3897 1159 3960 instat.

298 4000 454 4085 Septimus
469 4013 578 4064 octavo
592 3999 716 4082 propior
725 3999 792 4083 jam
807 3998 922 4081 fugerit
937 4021 1047 4076 annus,
1249 4003 1292 4066 40

297 4105 349 4168 Ex
365 4126 425 4187 quo
442 4105 601 4166 Maecenas
616 4123 665 4164 mc
681 4101 776 4185 coepit
791 4101 904 4166 habere
920 4124 1044 4167 suorum

298 4210 337 4271 In
353 4228 490 4282 numero,
507 4207 661 4271 ‹luntaxut
676 4207 716 4271 ad
731 4205 800 4286 hoc,
816 4228 905 4291 quem
923 4206 1029 4271 tollere
1044 4206 1140 4271 rheda
