2872 5010
284 425 347 507 170
605 446 636 490 o.
660 443 806 486 nonnrrr
832 443 955 486 nuncet

284 596 339 660 Nil
354 595 490 659 conscire
506 595 575 671 sibi,
591 594 678 658 nulla
693 594 858 679 pallescere
874 593 975 678 culpa.

282 695 397 760 Roscia
413 691 478 763 (dic
493 693 595 775 sodes)
613 693 721 755 melior
734 693 795 770 lex,
811 714 850 755 an
865 713 1029 776 puerorum
1045 707 1092 757 est

281 793 406 870 Naenia,
422 815 491 876 quae
506 814 634 874 regnum
650 805 732 855 recte
746 790 929 855 facientibus
944 791 1044 870 offert,

283 893 329 955 Et
344 890 479 953 maribus
496 889 601 952 Curiis
616 903 647 952 et
662 890 825 952 decantata
841 889 1009 952 Camillis?

283 990 356 1053 Isne
373 989 428 1052 tibi
444 988 553 1050 melius
569 987 689 1063 suadet,
705 987 768 1071 qni,
785 988 864 1049 Rern
879 986 992 1060 faciam
1011 1009 1085 1066 rem,
1239 989 1285 1055 65

283 1087 317 1150 Si
332 1085 441 1170 possis,
457 1098 557 1156 recte;
583 1085 607 1146 si
624 1106 696 1159 non,
715 1106 898 1168 quocunque
913 1085 1005 1148 modo
1018 1106 1095 1163 rem,

282 1184 331 1249 Ut
345 1183 471 1268 propius
487 1195 605 1266 spectes
620 1181 781 1244 lacrimosa
796 1192 939 1265 poemata
955 1183 1056 1267 Pupi:

282 1284 337 1344 Au
352 1282 405 1365 qui
420 1280 552 1343 fortuna„¹
569 1292 599 1341 te
614 1301 791 1362 responsare
806 1280 948 1364 superboe

282 1378 431 1443 Liberum
448 1392 479 1441 et
494 1392 628 1442 erectum
644 1400 779 1462 praesens
795 1377 935 1442 hortatur
949 1393 981 1442 et
995 1383 1103 1464 aptat?

282 1477 374 1553 Quod
390 1477 415 1538 si
432 1498 480 1539 me
496 1475 629 1559 populus
645 1477 807 1538 Romanus
821 1476 899 1540 forte
914 1490 1012 1561 roget,
1028 1499 1082 1541 cur
1234 1475 1280 1559 70

282 1575 366 1648 Non,
383 1587 417 1637 ut
432 1573 613 1658 porticibus,
630 1573 673 1636 sic
682 1573 810 1656 judiciis
825 1573 910 1637 fruar
925 1574 1046 1652 iisdem,

281 1672 350 1735 Nec
366 1694 485 1757 sequar,
502 1686 556 1734 aut
570 1671 701 1755 fugiam,
717 1693 786 1756 quae
802 1671 906 1755 diligit
920 1671 997 1756 ipse,
1013 1672 1063 1735 vel
1077 1672 1160 1736 odit:

282 1770 365 1834 Olim
382 1771 464 1855 quod
480 1769 589 1853 vulpes
605 1783 720 1852 {egroto
736 1783 826 1833 cauta
840 1771 922 1834 leoni

282 1869 469 1953 Respondit,
485 1867 632 1930 referam:
659 1867 741 1944 Quia
757 1889 806 1931 me
821 1869 951 1951 vestigia
965 1882 1080 1933 terrent

282 1965 395 2027 Omnia
411 1976 441 2025 te
457 1962 617 2024 adversum
636 1964 818 2044 spectantia,
835 1965 921 2026 nulla
937 1980 1111 2030 retrorsum.
1233 1967 1279 2051 75

281 2061 381 2125 Belua
390 2059 554 2121 multorum
568 2081 599 2121 es
611 2059 746 2141 capitum
759 2083 765 2120 :
783 2063 940 2146 namquid
953 2065 1083 2151 sequar?
1099 2079 1153 2130 aut
1163 2067 1277 2150 quem?

283 2157 359 2222 Pars
373 2155 532 2220 hominurn
549 2155 642 2239 gestit
656 2156 826 2219 conducere
842 2159 984 2241 publica:
1008 2174 1081 2225 sunt
1094 2161 1148 2244 qui

281 2256 403 2322 Crustis
418 2268 449 2318 et
464 2253 563 2338 pomis
578 2254 688 2317 viduas
703 2269 854 2318 venentur
869 2279 986 2336 avaras,

279 2354 513 2439 Excipiamque
528 2375 626 2429 senes,
643 2375 719 2437 quos
735 2354 765 2415 in
783 2354 900 2418 vivaria
916 2356 1058 2420 mittant:

280 2457 393 2520 Multis
405 2457 525 2520 occulto
541 2456 649 2518 crescit
664 2478 712 2518 res
727 2456 852 2520 foenore.
901 2459 1013 2522 Verum
1232 2465 1277 2528 80

280 2560 361 2622 Esto
376 2557 445 2621 aliis
461 2557 537 2619 alios
553 2557 645 2620 rebus
661 2558 832 2644 studiisque
849 2561 964 2631 teneri;
1166 2535 1173 2561 ¹

281 2660 383 2723 Iidem
397 2659 503 2722 eadem
520 2674 650 2741 possunt
664 2658 771 2722 horam
788 2662 898 2726 durare
913 2665 1098 2746 probantes?

280 2759 396 2824 Nullus
411 2761 443 2822 in
460 2759 533 2822 orbe
549 2760 635 2821 sinus
652 2762 737 2823 Baiis
753 2764 901 2846 praelucet
916 2767 1056 2844 amoenis,

280 2862 314 2925 Si
330 2861 408 2925 dixit
424 2861 522 2933 dives,
537 2859 622 2921 lacus
637 2874 668 2923 et
684 2884 767 2925 mare
783 2865 876 2928 sentit
892 2888 1025 2931 amorem

278 2961 466 3028 Festinantis
481 2960 564 3030 heri;
589 2961 638 3023 cui
655 2963 679 3025 si
698 2963 808 3025 vitiosa
823 2965 921 3029 libido

279 3064 402 3130 Fecerit
417 3061 600 3146 auspicium,
618 3086 683 3127 cras
698 3065 884 3130 ferramenta
900 3071 1045 3136 Teanum

279 3167 424 3242 'l'olletis,
440 3166 529 3228 fabri.
576 3167 693 3231 Lectus
708 3168 839 3252 genialis
853 3170 885 3233 in
903 3173 974 3235 aula
988 3173 1057 3238 est?

278 3270 333 3334 Nil
348 3270 392 3334 ait
405 3291 471 3332 esse
483 3270 579 3351 prius,
596 3270 707 3333 melius
722 3271 765 3333 nil
783 3273 892 3336 coelibe
906 3274 988 3349 vita;

280 3371 313 3436 Si
328 3385 459 3447 nonest,
470 3370 557 3455 jurat
572 3371 649 3433 bene
666 3370 738 3434 solis
754 3394 820 3436 esse
836 3375 964 3439 maritis.

277 3476 347 3551 Quo
363 3486 482 3537 teneam
499 3471 603 3535 vultus
620 3486 789 3538 mutantem
809 3478 922 3541 Protea
936 3479 1040 3542 nodo?
1228 3486 1272 3551 90

276 3575 361 3654 Quid
376 3577 516 3659 pauper?
540 3575 624 3639 ride:
649 3591 751 3642 mutat
765 3581 933 3656 coenacula,
949 3582 1055 3661 lectos,

275 3677 406 3754 Balnea,
422 3689 575 3752 tonsores;
600 3681 754 3744 conducto
770 3683 895 3766 navigio
911 3705 999 3768 mque

275 3782 415 3845 Nauseat
430 3800 465 3842 ac
479 3779 627 3863 locuples,
643 3804 734 3867 quern
750 3785 835 3848 ducit
851 3785 940 3868 priva
956 3787 1096 3851 triremis.

276 3885 310 3948 si
325 3895 449 3948 curatus
463 3880 608 3963 inaequali
625 3897 748 3947 tonsore
764 3886 890 3968 capillos

275 3985 416 4063 Occurri,
433 3983 529 4047 rides:
555 3981 578 4043 si
595 3981 673 4045 forte
689 3986 841 4048 subucula
856 4007 944 4069 poxae
1226 3995 1270 4061 95

276 4090 368 4154 Trita
383 4089 487 4152 subest
499 4083 626 4159 tunieae,
643 4084 690 4146 vel
707 4085 731 4147 si
749 4100 820 4169 toga
837 4087 967 4152 dissidet
983 4091 1095 4174 impar,

275 4192 391 4257 Rides:
414 4189 500 4274 quid,
517 4208 584 4250 mea
600 4208 669 4250 cum
686 4203 804 4271 pugnat
821 4191 973 4256 sententia
990 4200 1116 4258 secum?
