2872 5010
424 476 613 520 caussinum
639 476 705 518 ura.
730 476 753 522 1.
776 458 828 519 31.
851 459 904 521 32.

207 629 252 691 Et
266 648 374 711 parum
390 626 485 691 comis
500 625 567 688 sine
582 638 613 691 te
627 626 794 704 Juventas,

337 727 584 812 Mercuriusque.

423 1058 523 1121 ODE
543 1055 690 1120 XXXI.
734 1058 786 1138 (u.
808 1056 890 1134 xrx.)

514 1232 560 1273 Au
584 1230 797 1273 APOLLINEM.

206 1361 296 1436 Qum
311 1361 487 1425 dedicatum
502 1362 602 1445 poscit
617 1360 797 1445 Apollinem

208 1459 324 1524 Vates?
338 1461 415 1545 quid
429 1473 507 1537 orat,
523 1462 562 1525 de
576 1473 683 1545 patera
697 1481 812 1523 novum

248 1562 399 1627 Fundens
412 1562 586 1648 liquorem?
608 1583 671 1624 non
686 1561 803 1644 opimas

293 1662 445 1726 Sardiniae
459 1677 579 1745 segetes
592 1660 722 1734 feracia

207 1761 280 1824 Non
291 1777 433 1826 aestuosae
447 1776 537 1847 grata
553 1761 709 1828 Calabriae

205 1863 374 1936 Armenta;
397 1886 459 1928 nou
474 1887 594 1940 aurum,
607 1878 661 1929 out
676 1866 751 1928 ebur
762 1863 923 1935 Indicum

248 1963 321 2028 Nou
336 1987 407 2029 rura
421 1986 491 2051 quae
507 1966 592 2030 Liris
607 1965 712 2052 quieta

291 2067 419 2131 Mordet
433 2089 513 2153 aqua
530 2068 700 2133 taciturnus
715 2068 824 2134 amnis.

205 2167 353 2231 Premant
368 2167 486 2233 Calena
501 2169 592 2247 falce,
607 2170 720 2255 quibus
729 2171 816 2235 dedit

204 2267 355 2346 Fortuna,
371 2269 487 2342 vitem3
511 2269 598 2333 dives
612 2282 644 2332 et
658 2270 758 2334 aureis

247 2369 405 2434 Mercator
419 2370 554 2435 exsiccet
569 2369 693 2434 cululiis

289 2471 371 2535 Vina
387 2474 466 2556 Syra
481 2484 622 2555 reparata
636 2492 748 2546 merce,

95 2575 106 2591 ‘
204 2571 276 2635 Diis
290 2594 379 2636 canas
393 2573 488 2657 ipsis;
512 2572 627 2657 quippe
642 2585 689 2637 ter
703 2577 857 2658 et'quater

203 2673 296 2736 Anno
310 2672 448 2738 revisens
464 2695 570 2758 aequor
579 2672 776 2736 Atlanticum

247 2775 390 2858 Impune.
437 2776 494 2838 Me
509 2786 640 2858 pascunt
654 2774 756 2851 olivae,

288 2877 345 2939 Me
360 2876 500 2941 cichorea
514 2876 658 2961 levesque
673 2875 807 2939 malvae..

202 2976 279 3040 Frui
295 2978 410 3061 paratis
424 2991 456 3042 et
471 2976 574 3042 valido
589 2976 667 3040 mihi

202 3078 301 3142 Latoe
316 3080 422 3157 dones,
438 3101 485 3157 ac,
500 3101 619 3163 precor,
634 3077 755 3161 integra

244 3181 326 3243 Cum
341 3194 461 3253 mente;
485 3202 542 3244 nec
558 3193 677 3264 turpem
694 3189 847 3241 senectam

288 3282 422 3365 Degere,
437 3303 494 3345 nec
509 3280 627 3344 cithara
641 3291 805 3343 carentem.
921 3288 924 3293 '

389 3610 485 3674 ODE
509 3611 677 3675 XXXII.
722 3612 773 3688 (aa.
796 3616 913 3693 xvnr.)

549 3783 596 3824 An
619 3781 752 3825 LYRAM.

197 3895 384 3958 Poacruus.
431 3893 542 3978 Siquid
552 3893 643 3959 vacui
658 3895 717 3958 sub
731 3894 840 3959 umbra
943 3947 946 3953 .

198 3997 347 4061 Lusimus
363 4009 478 4073 tecum,
493 3997 577 4082 quod
591 4010 624 4061 et
637 3995 722 4062 hunc
736 3997 770 4062 in
785 4018 899 4063 annum

199 4100 292 4162 Vivat
308 4111 339 4162 et
361 4098 475 4182 plures,
492 4121 560 4183 age,
576 4099 627 4162 dic
643 4098 806 4171 Latinum,
