2872 5010
436 469 624 512 cunuruuu
650 470 716 512 mn.
733 471 756 514 ι.
774 451 825 513 14.
843 452 893 512 15.

212 602 365 665 anrcss
381 616 428 666 ter
443 615 473 665 et
489 600 622 686 amplius

255 706 340 782 Quos
354 704 473 788 irrupta
488 717 572 769 tenet
586 702 709 787 copule,
725 725 782 768 nec
796 701 885 769 mulis

212 806 364 871 Divulsus
379 806 579 893 querimoniis

256 911 406 992 Suprema
421 909 513 973 citius
529 908 627 972 solvet
641 929 727 971 amor
741 907 803 972 die.

449 1240 545 1307 ODE
569 1246 665 1308 XIV.
712 1246 762 1323 (u.
778 1250 880 1323 xvn.)

503 1400 550 1440 Ab
568 1399 833 1442 nunnunnlcnu.

214 1513 244 1576 Ο
260 1512 385 1586 Nuus,
401 1508 534 1575 referent
549 1511 581 1573 in
597 1532 681 1575 mare
696 1524 727 1574 te
742 1510 816 1574 novi

216 1614 370 1677 Fluctus?
394 1614 423 1675 0
439 1613 515 1697 quid
527 1612 613 1696 agis?
635 1611 757 1674 fortiter
770 1630 886 1693 occupa
1007 1632 1010 1639 ·

259 1717 407 1778 Portum:
433 1736 536 1777 nonne
551 1713 649 1792 vides,
663 1727 699 1775 ut

304 1816 433 1880 Nudum
451 1814 581 1899 remigio
595 1813 689 1892 istus,

217 1919 263 1982 Et
277 1917 376 1982 mulus
391 1918 482 1982 celeri
497 1917 620 1982 saucius
634 1916 751 1993 Africo,

216 2021 431 2104 Antennoeque
444 2033 582 2104 gemant,
597 2039 634 2083 nc
648 2017 716 2082 sine
729 2017 855 2082 funibus

260 2122 322 2186 Vix
336 2123 447 2188 durare
461 2123 574 2187 cnrinae

303 2224 429 2287 Possint
443 2222 637 2307 imperiosius

183 2390 187 2397 ,
216 2325 360 2409 AEquor?
384 2345 446 2387 non
460 2323 517 2388 tibi
533 2337 606 2389 nunt
620 2324 861 2408 integralium,

218 2426 250 2488 N
252 2447 292 2488 on
307 2425 375 2503 Dii,
391 2447 468 2510 qnos
482 2426 594 2489 iterum
609 2446 714 2507 pressu
725 2447 816 2491 voees
829 2429 920 2492 malo.

262 2526 413 2604 Quamvis
427 2526 560 2590 Pontica
573 2527 676 2611 pinus,

305 2627 400 2691 silvae
415 2627 480 2692 filis
492 2627 616 2705 nobilis,

217 2730 241 2792 J
243 2742 326 2794 netes
340 2743 372 2793 et
385 2751 484 2813 genus
498 2741 529 2793 st
543 2750 655 2794 nomeu
671 2730 799 2806 inutile;

218 2831 274 2896 Nil
290 2832 381 2917 pictis
396 2832 524 2896 timidus
538 2833 645 2896 navita
657 2834 813 2918 puppibus

260 2931 369 2997 Fidis:
394 2948 440 3012 tu,
455 2933 516 2998 nisi
530 2932 632 2998 ventis

303 3035 409 3099 Debes
421 3035 603 3112 ludibrium,
618 3054 703 3100 eave.

223 3137 333 3221 Nuper
348 3136 502 3201 solicitum
517 3158 587 3221 quoe
602 3136 680 3201 mibi
695 3137 835 3215 taedium,

220 3239 315 3302 Nunc
329 3238 516 3301 desiderium
531 3259 665 3322 curaque
679 3259 741 3302 non
757 3238 845 3313 levis,

262 3340 422 3404 Interfusn
436 3340 571 3405 nitentes
816 3413 817 3416 Ἴ

307 3439 394 3504 Vites
409 3462 532 3526 aequorn
547 3441 712 3526 cycladas.

470 3748 566 3810 ODE
591 3746 668 3810 XV.
715 3743 769 3822 (n.
791 3750 875 3830 κη.)

305 3897 416 3942 nuum
442 3899 660 3944 vencnum(
685 3900 730 3944 DE
754 3901 895 3947 Exclnlo
917 3902 1038 3947 TROJAE·

222 4013 358 4075 Pnsron
374 4035 445 4077 cum
462 4013 598 4080 traheret
611 4037 667 4100 per
680 4013 760 4082 freta
774 4017 905 4083 navibus

222 4109 318 4173 Idaeis
333 4111 488 4175 Helenam
503 4112 640 4197 perfidus
654 4112 819 4198 hospitum,
