<?xml version="1.0" encoding="UTF-8"?>
<!DOCTYPE html PUBLIC "-//W3C//DTD XHTML 1.0 Transitional//EN"
    "http://www.w3.org/TR/xhtml1/DTD/xhtml1-transitional.dtd">
<html xmlns="http://www.w3.org/1999/xhtml" xml:lang="en" lang="en">
 <head>
  <title>
</title>
<meta http-equiv="Content-Type" content="text/html;charset=utf-8" />
  <meta name='ocr-system' content='tesseract 3.04.00' />
  <meta name='ocr-capabilities' content='ocr_page ocr_carea ocr_par ocr_line ocrx_word'/>
</head>
<body>
  <div class='ocr_page' id='page_1' title='image "./horatiusrestitu00tategoog_0468.png"; bbox 0 0 2872 5010; ppageno 0'>
   <div class='ocr_carea' id='block_1_1' title="bbox 425 465 1147 530">
    <p class='ocr_par' dir='ltr' id='par_1_1' title="bbox 425 465 1147 530">
     <span class='ocr_line' id='line_1_1' title="bbox 425 465 1147 530; baseline -0.004 0"><span class='ocrx_word' id='word_1_1' title='bbox 425 485 666 530; x_wconf 67' lang='lat' dir='ltr'><strong>srrs‘rotnuun</strong></span> <span class='ocrx_word' id='word_1_2' title='bbox 692 486 760 529; x_wconf 77' lang='lat' dir='ltr'><strong>ars.</strong></span> <span class='ocrx_word' id='word_1_3' title='bbox 780 485 818 528; x_wconf 81' lang='grc' dir='ltr'><strong>ιι.</strong></span> <span class='ocrx_word' id='word_1_4' title='bbox 842 468 870 528; x_wconf 74' lang='lat'><strong>2.</strong></span> <span class='ocrx_word' id='word_1_5' title='bbox 1083 465 1147 527; x_wconf 77' lang='lat'><strong>233</strong></span> 
     </span>
    </p>
   </div>
   <div class='ocr_carea' id='block_1_2' title="bbox 141 634 1157 3767">
    <p class='ocr_par' dir='ltr' id='par_1_2' title="bbox 151 634 992 722">
     <span class='ocr_line' id='line_1_2' title="bbox 151 634 992 722; baseline -0.004 -20"><span class='ocrx_word' id='word_1_6' title='bbox 151 636 291 703; x_wconf 79' lang='lat' dir='ltr'><strong>Audebit</strong></span> <span class='ocrx_word' id='word_1_7' title='bbox 306 659 498 722; x_wconf 78' lang='lat' dir='ltr'><strong>quoscunque</strong></span> <span class='ocrx_word' id='word_1_8' title='bbox 512 657 620 721; x_wconf 88' lang='lat' dir='ltr'><strong>parum</strong></span> <span class='ocrx_word' id='word_1_9' title='bbox 637 635 809 719; x_wconf 82' lang='lat' dir='ltr'><strong>splendoris</strong></span> <span class='ocrx_word' id='word_1_10' title='bbox 822 634 992 713; x_wconf 87' lang='lat' dir='ltr'><strong>habebunt,</strong></span> 
     </span>
    </p>

    <p class='ocr_par' dir='ltr' id='par_1_3' title="bbox 148 736 1032 925">
     <span class='ocr_line' id='line_1_3' title="bbox 148 736 1032 824; baseline -0.005 -21"><span class='ocrx_word' id='word_1_11' title='bbox 148 740 197 803; x_wconf 84' lang='lat' dir='ltr'><strong>Et</strong></span> <span class='ocrx_word' id='word_1_12' title='bbox 212 739 278 804; x_wconf 91' lang='lat' dir='ltr'><strong>sine</strong></span> <span class='ocrx_word' id='word_1_13' title='bbox 292 740 429 824; x_wconf 88' lang='lat' dir='ltr'><strong>pondere</strong></span> <span class='ocrx_word' id='word_1_14' title='bbox 444 752 545 815; x_wconf 89' lang='lat' dir='ltr'><strong>erunt,</strong></span> <span class='ocrx_word' id='word_1_15' title='bbox 561 751 594 801; x_wconf 95' lang='lat' dir='ltr'><strong>et</strong></span> <span class='ocrx_word' id='word_1_16' title='bbox 608 737 726 803; x_wconf 89' lang='lat' dir='ltr'><strong>honore</strong></span> <span class='ocrx_word' id='word_1_17' title='bbox 739 736 870 821; x_wconf 81' lang='lat' dir='ltr'><strong>indigna</strong></span> <span class='ocrx_word' id='word_1_18' title='bbox 884 736 1032 815; x_wconf 83' lang='lat' dir='ltr'><strong>ferentur,</strong></span> 
     </span>
     <span class='ocr_line' id='line_1_4' title="bbox 152 839 926 925; baseline -0.001 -22"><span class='ocrx_word' id='word_1_19' title='bbox 152 842 254 905; x_wconf 88' lang='lat' dir='ltr'><strong>Verba</strong></span> <span class='ocrx_word' id='word_1_20' title='bbox 268 863 392 904; x_wconf 77' lang='lat' dir='ltr'><strong>movere</strong></span> <span class='ocrx_word' id='word_1_21' title='bbox 406 840 485 918; x_wconf 92' lang='lat' dir='ltr'><strong>loco,</strong></span> <span class='ocrx_word' id='word_1_22' title='bbox 501 840 642 925; x_wconf 85' lang='lat' dir='ltr'><strong>quamvis</strong></span> <span class='ocrx_word' id='word_1_23' title='bbox 657 839 756 903; x_wconf 84' lang='lat' dir='ltr'><strong>invita</strong></span> <span class='ocrx_word' id='word_1_24' title='bbox 769 839 926 917; x_wconf 80' lang='lat' dir='ltr'>recedant,</span> 
     </span>
    </p>

    <p class='ocr_par' dir='ltr' id='par_1_4' title="bbox 151 941 899 1025">
     <span class='ocr_line' id='line_1_5' title="bbox 151 941 899 1025; baseline -0.003 -19"><span class='ocrx_word' id='word_1_25' title='bbox 151 943 196 1006; x_wconf 79' lang='lat' dir='ltr'><strong>Et</strong></span> <span class='ocrx_word' id='word_1_26' title='bbox 211 956 372 1006; x_wconf 85' lang='lat' dir='ltr'><strong>versentur</strong></span> <span class='ocrx_word' id='word_1_27' title='bbox 387 941 490 1005; x_wconf 87' lang='lat' dir='ltr'><strong>adhue</strong></span> <span class='ocrx_word' id='word_1_28' title='bbox 506 941 587 1006; x_wconf 84' lang='lat' dir='ltr'><strong>intra</strong></span> <span class='ocrx_word' id='word_1_29' title='bbox 601 941 772 1025; x_wconf 89' lang='lat' dir='ltr'><strong>penetralia</strong></span> <span class='ocrx_word' id='word_1_30' title='bbox 787 942 899 1005; x_wconf 85' lang='lat' dir='ltr'><strong>Vestae.</strong></span> 
     </span>
    </p>

    <p class='ocr_par' dir='ltr' id='par_1_5' title="bbox 151 1044 1143 1229">
     <span class='ocr_line' id='line_1_6' title="bbox 151 1044 1143 1127; baseline 0 -20"><span class='ocrx_word' id='word_1_31' title='bbox 151 1044 325 1108; x_wconf 89' lang='lat' dir='ltr'><strong>Obscurata</strong></span> <span class='ocrx_word' id='word_1_32' title='bbox 340 1044 395 1107; x_wconf 93' lang='lat' dir='ltr'><strong>diu</strong></span> <span class='ocrx_word' id='word_1_33' title='bbox 411 1044 525 1127; x_wconf 92' lang='lat' dir='ltr'><strong>populo</strong></span> <span class='ocrx_word' id='word_1_34' title='bbox 540 1045 639 1107; x_wconf 92' lang='lat' dir='ltr'><strong>bonus</strong></span> <span class='ocrx_word' id='word_1_35' title='bbox 653 1057 750 1120; x_wconf 90' lang='lat' dir='ltr'><strong>eruet,</strong></span> <span class='ocrx_word' id='word_1_36' title='bbox 767 1055 859 1127; x_wconf 89' lang='lat' dir='ltr'><strong>atque</strong></span> <span class='ocrx_word' id='word_1_37' title='bbox 1081 1046 1143 1107; x_wconf 85' lang='grc'><strong>115</strong></span> 
     </span>
     <span class='ocr_line' id='line_1_7' title="bbox 151 1142 901 1229; baseline 0.001 -23"><span class='ocrx_word' id='word_1_38' title='bbox 151 1142 292 1208; x_wconf 86' lang='lat' dir='ltr'><strong>Proferet</strong></span> <span class='ocrx_word' id='word_1_39' title='bbox 307 1145 339 1206; x_wconf 90' lang='lat' dir='ltr'><strong>in</strong></span> <span class='ocrx_word' id='word_1_40' title='bbox 355 1144 454 1208; x_wconf 92' lang='lat' dir='ltr'><strong>lucem</strong></span> <span class='ocrx_word' id='word_1_41' title='bbox 470 1144 609 1229; x_wconf 89' lang='lat' dir='ltr'><strong>speciosa</strong></span> <span class='ocrx_word' id='word_1_42' title='bbox 623 1146 773 1209; x_wconf 81' lang='lat' dir='ltr'><strong>voeabula</strong></span> <span class='ocrx_word' id='word_1_43' title='bbox 787 1165 901 1222; x_wconf 88' lang='lat' dir='ltr'><strong>rerum,</strong></span> 
     </span>
    </p>

    <p class='ocr_par' dir='ltr' id='par_1_6' title="bbox 150 1241 1005 1327">
     <span class='ocr_line' id='line_1_8' title="bbox 150 1241 1005 1327; baseline 0.001 -22"><span class='ocrx_word' id='word_1_44' title='bbox 150 1242 230 1319; x_wconf 80' lang='lat' dir='ltr'><strong>Quse</strong></span> <span class='ocrx_word' id='word_1_45' title='bbox 244 1242 353 1326; x_wconf 83' lang='lat' dir='ltr'><strong>priscis</strong></span> <span class='ocrx_word' id='word_1_46' title='bbox 368 1255 536 1306; x_wconf 85' lang='lat' dir='ltr'><strong>memorata</strong></span> <span class='ocrx_word' id='word_1_47' title='bbox 551 1243 723 1307; x_wconf 82' lang='lat' dir='ltr'><strong>Catonibus</strong></span> <span class='ocrx_word' id='word_1_48' title='bbox 737 1256 829 1327; x_wconf 83' lang='lat' dir='ltr'><strong>utque</strong></span> <span class='ocrx_word' id='word_1_49' title='bbox 844 1241 1005 1327; x_wconf 79' lang='lat' dir='ltr'><strong>Cethegis,</strong></span> 
     </span>
    </p>

    <p class='ocr_par' dir='ltr' id='par_1_7' title="bbox 149 1343 967 1529">
     <span class='ocr_line' id='line_1_9' title="bbox 151 1343 967 1428; baseline 0.002 -23"><span class='ocrx_word' id='word_1_50' title='bbox 151 1343 245 1406; x_wconf 87' lang='lat' dir='ltr'><strong>Nunc</strong></span> <span class='ocrx_word' id='word_1_51' title='bbox 260 1343 337 1407; x_wconf 91' lang='lat' dir='ltr'><strong>situs</strong></span> <span class='ocrx_word' id='word_1_52' title='bbox 352 1343 491 1407; x_wconf 90' lang='lat' dir='ltr'><strong>informis</strong></span> <span class='ocrx_word' id='word_1_53' title='bbox 505 1344 618 1428; x_wconf 85' lang='lat' dir='ltr'><strong>premit</strong></span> <span class='ocrx_word' id='word_1_54' title='bbox 633 1359 665 1407; x_wconf 90' lang='lat' dir='ltr'><strong>et</strong></span> <span class='ocrx_word' id='word_1_55' title='bbox 679 1345 800 1407; x_wconf 88' lang='lat' dir='ltr'><strong>deserta</strong></span> <span class='ocrx_word' id='word_1_56' title='bbox 810 1357 967 1409; x_wconf 87' lang='lat' dir='ltr'><strong>vetustas:</strong></span> 
     </span>
     <span class='ocr_line' id='line_1_10' title="bbox 149 1443 932 1529; baseline 0.005 -23"><span class='ocrx_word' id='word_1_57' title='bbox 149 1443 309 1508; x_wconf 84' lang='lat' dir='ltr'><strong>Adsciscet</strong></span> <span class='ocrx_word' id='word_1_58' title='bbox 325 1466 416 1520; x_wconf 85' lang='lat' dir='ltr'><strong>nova,</strong></span> <span class='ocrx_word' id='word_1_59' title='bbox 432 1467 502 1529; x_wconf 84' lang='lat' dir='ltr'><strong>quae</strong></span> <span class='ocrx_word' id='word_1_60' title='bbox 517 1445 639 1528; x_wconf 83' lang='lat' dir='ltr'><strong>genitor</strong></span> <span class='ocrx_word' id='word_1_61' title='bbox 653 1445 833 1528; x_wconf 85' lang='lat' dir='ltr'><strong>produxerit</strong></span> <span class='ocrx_word' id='word_1_62' title='bbox 848 1466 932 1510; x_wconf 90' lang='lat' dir='ltr'><strong>usus.</strong></span> 
     </span>
    </p>

    <p class='ocr_par' dir='ltr' id='par_1_8' title="bbox 149 1528 1142 1834">
     <span class='ocr_line' id='line_1_11' title="bbox 151 1528 1142 1632; baseline 0.005 -24"><span class='ocrx_word' id='word_1_63' title='bbox 151 1544 324 1609; x_wconf 88' lang='lat' dir='ltr'><strong>Vehemens</strong></span> <span class='ocrx_word' id='word_1_64' title='bbox 339 1560 370 1610; x_wconf 92' lang='lat' dir='ltr'><strong>et</strong></span> <span class='ocrx_word' id='word_1_65' title='bbox 386 1546 523 1632; x_wconf 89' lang='lat' dir='ltr'><strong>liquidus</strong></span> <span class='ocrx_word' id='word_1_66' title='bbox 537 1568 674 1631; x_wconf 87' lang='lat' dir='ltr'><strong>puroque</strong></span> <span class='ocrx_word' id='word_1_67' title='bbox 689 1546 865 1610; x_wconf 89' lang='lat' dir='ltr'><strong>simillimus</strong></span> <span class='ocrx_word' id='word_1_68' title='bbox 880 1549 975 1627; x_wconf 92' lang='lat' dir='ltr'><strong>amni,</strong></span> <span class='ocrx_word' id='word_1_69' title='bbox 1078 1528 1142 1613; x_wconf 76' lang='lat' dir='ltr'><strong>lad</strong></span> 
     </span>
     <span class='ocr_line' id='line_1_12' title="bbox 151 1642 944 1733; baseline 0.005 -25"><span class='ocrx_word' id='word_1_70' title='bbox 151 1642 276 1711; x_wconf 83' lang='lat' dir='ltr'><strong>Fundet</strong></span> <span class='ocrx_word' id='word_1_71' title='bbox 290 1669 375 1731; x_wconf 91' lang='lat' dir='ltr'><strong>opes,</strong></span> <span class='ocrx_word' id='word_1_72' title='bbox 392 1648 583 1733; x_wconf 85' lang='lat' dir='ltr'><strong>Latiumque</strong></span> <span class='ocrx_word' id='word_1_73' title='bbox 598 1648 701 1711; x_wconf 86' lang='lat' dir='ltr'><strong>beabit</strong></span> <span class='ocrx_word' id='word_1_74' title='bbox 715 1647 813 1711; x_wconf 91' lang='lat' dir='ltr'><strong>divite</strong></span> <span class='ocrx_word' id='word_1_75' title='bbox 826 1647 944 1732; x_wconf 85' lang='lat' dir='ltr'><strong>lingua.</strong></span> 
     </span>
     <span class='ocr_line' id='line_1_13' title="bbox 149 1747 875 1834; baseline 0.004 -23"><span class='ocrx_word' id='word_1_76' title='bbox 149 1747 358 1814; x_wconf 85' lang='lat' dir='ltr'><strong>Luxuriantia</strong></span> <span class='ocrx_word' id='word_1_77' title='bbox 372 1763 556 1834; x_wconf 88' lang='lat' dir='ltr'><strong>compescet,</strong></span> <span class='ocrx_word' id='word_1_78' title='bbox 571 1749 664 1813; x_wconf 91' lang='lat' dir='ltr'><strong>nimis</strong></span> <span class='ocrx_word' id='word_1_79' title='bbox 679 1771 786 1834; x_wconf 87' lang='lat' dir='ltr'><strong>aspera</strong></span> <span class='ocrx_word' id='word_1_80' title='bbox 800 1771 875 1814; x_wconf 90' lang='lat' dir='ltr'><strong>sano</strong></span> 
     </span>
    </p>

    <p class='ocr_par' dir='ltr' id='par_1_9' title="bbox 149 1831 905 1930">
     <span class='ocr_line' id='line_1_14' title="bbox 149 1831 905 1930; baseline 0.007 -19"><span class='ocrx_word' id='word_1_81' title='bbox 149 1847 284 1914; x_wconf 85' lang='lat' dir='ltr'><strong>Levabit</strong></span> <span class='ocrx_word' id='word_1_82' title='bbox 299 1851 399 1930; x_wconf 88' lang='lat' dir='ltr'><strong>cultu,</strong></span> <span class='ocrx_word' id='word_1_83' title='bbox 415 1851 532 1915; x_wconf 81' lang='lat' dir='ltr'><strong>virtute</strong></span> <span class='ocrx_word' id='word_1_84' title='bbox 547 1851 683 1916; x_wconf 84' lang='lat' dir='ltr'><strong>carentia</strong></span> <span class='ocrx_word' id='word_1_85' title='bbox 699 1852 807 1918; x_wconf 90' lang='lat' dir='ltr'><strong>tollet:</strong></span> <span class='ocrx_word' id='word_1_86' title='bbox 896 1831 905 1848; x_wconf 53' lang='lat'><strong><em>⁹</em></strong></span> 
     </span>
    </p>

    <p class='ocr_par' dir='ltr' id='par_1_10' title="bbox 148 1950 966 2041">
     <span class='ocr_line' id='line_1_15' title="bbox 148 1950 966 2041; baseline 0.005 -27"><span class='ocrx_word' id='word_1_87' title='bbox 148 1950 305 2016; x_wconf 90' lang='lat' dir='ltr'><strong>Ludentis</strong></span> <span class='ocrx_word' id='word_1_88' title='bbox 320 1953 451 2037; x_wconf 91' lang='lat' dir='ltr'><strong>speciem</strong></span> <span class='ocrx_word' id='word_1_89' title='bbox 468 1953 575 2029; x_wconf 76' lang='lat' dir='ltr'><strong>dabit,</strong></span> <span class='ocrx_word' id='word_1_90' title='bbox 600 1968 631 2018; x_wconf 90' lang='lat' dir='ltr'><strong>et</strong></span> <span class='ocrx_word' id='word_1_91' title='bbox 646 1954 848 2041; x_wconf 88' lang='lat' dir='ltr'><strong>torquebitur,</strong></span> <span class='ocrx_word' id='word_1_92' title='bbox 863 1956 966 2040; x_wconf 89' lang='lat' dir='ltr'><strong>utqui</strong></span> 
     </span>
    </p>

    <p class='ocr_par' dir='ltr' id='par_1_11' title="bbox 148 2055 1139 2243">
     <span class='ocr_line' id='line_1_16' title="bbox 148 2055 1139 2142; baseline 0.007 -25"><span class='ocrx_word' id='word_1_93' title='bbox 148 2055 242 2118; x_wconf 91' lang='lat' dir='ltr'><strong>Nunc</strong></span> <span class='ocrx_word' id='word_1_94' title='bbox 257 2069 407 2139; x_wconf 88' lang='lat' dir='ltr'><strong>satyrum,</strong></span> <span class='ocrx_word' id='word_1_95' title='bbox 429 2077 514 2120; x_wconf 90' lang='lat' dir='ltr'><strong>nunc</strong></span> <span class='ocrx_word' id='word_1_96' title='bbox 528 2068 679 2140; x_wconf 79' lang='lat' dir='ltr'><strong>agrestem</strong></span> <span class='ocrx_word' id='word_1_97' title='bbox 694 2057 823 2142; x_wconf 86' lang='lat' dir='ltr'><strong>cyclops</strong></span> <span class='ocrx_word' id='word_1_98' title='bbox 837 2071 988 2123; x_wconf 83' lang='lat' dir='ltr'><strong>movetur.</strong></span> <span class='ocrx_word' id='word_1_99' title='bbox 1076 2062 1139 2124; x_wconf 71' lang='lat'><strong>1‘25</strong></span> 
     </span>
     <span class='ocr_line' id='line_1_17' title="bbox 148 2157 946 2243; baseline 0.005 -25"><span class='ocrx_word' id='word_1_100' title='bbox 148 2157 176 2228; x_wconf 66' lang='lat' dir='ltr'><strong>ll</strong></span> <span class='ocrx_word' id='word_1_101' title='bbox 190 2157 386 2223; x_wconf 70' lang='lat' dir='ltr'><strong>Praetulerim</strong></span> <span class='ocrx_word' id='word_1_102' title='bbox 403 2158 532 2242; x_wconf 89' lang='lat' dir='ltr'><strong>scriptor</strong></span> <span class='ocrx_word' id='word_1_103' title='bbox 547 2158 662 2221; x_wconf 88' lang='lat' dir='ltr'><strong>delirus</strong></span> <span class='ocrx_word' id='word_1_104' title='bbox 677 2159 820 2243; x_wconf 86' lang='lat' dir='ltr'><strong>inersque</strong></span> <span class='ocrx_word' id='word_1_105' title='bbox 836 2159 946 2237; x_wconf 89' lang='lat' dir='ltr'><strong>videri,</strong></span> 
     </span>
    </p>

    <p class='ocr_par' dir='ltr' id='par_1_12' title="bbox 147 2257 1007 2343">
     <span class='ocr_line' id='line_1_18' title="bbox 147 2257 1007 2343; baseline 0.006 -23"><span class='ocrx_word' id='word_1_106' title='bbox 147 2257 233 2321; x_wconf 90' lang='lat' dir='ltr'><strong>Dum</strong></span> <span class='ocrx_word' id='word_1_107' title='bbox 250 2280 317 2324; x_wconf 89' lang='lat' dir='ltr'><strong>mea</strong></span> <span class='ocrx_word' id='word_1_108' title='bbox 331 2259 487 2324; x_wconf 91' lang='lat' dir='ltr'><strong>delectent</strong></span> <span class='ocrx_word' id='word_1_109' title='bbox 503 2258 585 2323; x_wconf 87' lang='lat' dir='ltr'><strong>mala</strong></span> <span class='ocrx_word' id='word_1_110' title='bbox 599 2281 659 2335; x_wconf 93' lang='lat' dir='ltr'><strong>me,</strong></span> <span class='ocrx_word' id='word_1_111' title='bbox 673 2260 721 2322; x_wconf 89' lang='lat' dir='ltr'><strong>vel</strong></span> <span class='ocrx_word' id='word_1_112' title='bbox 738 2259 871 2343; x_wconf 90' lang='lat' dir='ltr'><strong>denique</strong></span> <span class='ocrx_word' id='word_1_113' title='bbox 886 2260 1007 2338; x_wconf 83' lang='lat' dir='ltr'><strong>fallunt,</strong></span> 
     </span>
    </p>

    <p class='ocr_par' dir='ltr' id='par_1_13' title="bbox 147 2359 1050 2448">
     <span class='ocr_line' id='line_1_19' title="bbox 147 2359 1050 2448; baseline 0.004 -26"><span class='ocrx_word' id='word_1_114' title='bbox 147 2360 248 2436; x_wconf 83' lang='lat' dir='ltr'><strong>Quam</strong></span> <span class='ocrx_word' id='word_1_115' title='bbox 265 2383 382 2446; x_wconf 84' lang='lat' dir='ltr'><strong>sapere,</strong></span> <span class='ocrx_word' id='word_1_116' title='bbox 400 2360 538 2444; x_wconf 83' lang='lat' dir='ltr'><strong>stringi.</strong></span> <span class='ocrx_word' id='word_1_117' title='bbox 585 2360 662 2424; x_wconf 91' lang='lat' dir='ltr'><strong>Fuit</strong></span> <span class='ocrx_word' id='word_1_118' title='bbox 676 2360 761 2424; x_wconf 92' lang='lat' dir='ltr'><strong>haud</strong></span> <span class='ocrx_word' id='word_1_119' title='bbox 779 2359 926 2444; x_wconf 86' lang='lat' dir='ltr'><strong>ignobilis</strong></span> <span class='ocrx_word' id='word_1_120' title='bbox 941 2363 1050 2448; x_wconf 84' lang='lat' dir='ltr'><strong>Argis,</strong></span> 
     </span>
    </p>

    <p class='ocr_par' dir='ltr' id='par_1_14' title="bbox 146 2460 833 2546">
     <span class='ocr_line' id='line_1_20' title="bbox 146 2460 833 2546; baseline 0.006 -25"><span class='ocrx_word' id='word_1_121' title='bbox 146 2460 209 2538; x_wconf 83' lang='lat' dir='ltr'><strong>Qui</strong></span> <span class='ocrx_word' id='word_1_122' title='bbox 224 2483 256 2524; x_wconf 90' lang='lat' dir='ltr'><strong>se</strong></span> <span class='ocrx_word' id='word_1_123' title='bbox 272 2463 415 2526; x_wconf 87' lang='lat' dir='ltr'><strong>credebat</strong></span> <span class='ocrx_word' id='word_1_124' title='bbox 431 2462 525 2524; x_wconf 86' lang='lat' dir='ltr'><strong>miros</strong></span> <span class='ocrx_word' id='word_1_125' title='bbox 542 2463 649 2526; x_wconf 89' lang='lat' dir='ltr'><strong>audire</strong></span> <span class='ocrx_word' id='word_1_126' title='bbox 665 2463 833 2546; x_wconf 83' lang='lat' dir='ltr'><strong>tragoedos,</strong></span> 
     </span>
    </p>

    <p class='ocr_par' dir='ltr' id='par_1_15' title="bbox 146 2562 1135 2747">
     <span class='ocr_line' id='line_1_21' title="bbox 147 2562 1135 2648; baseline 0.008 -24"><span class='ocrx_word' id='word_1_127' title='bbox 147 2563 186 2624; x_wconf 94' lang='lat' dir='ltr'><strong>ln</strong></span> <span class='ocrx_word' id='word_1_128' title='bbox 202 2584 300 2626; x_wconf 89' lang='lat' dir='ltr'><strong>vacuo</strong></span> <span class='ocrx_word' id='word_1_129' title='bbox 316 2562 406 2626; x_wconf 83' lang='lat' dir='ltr'><strong>laetus</strong></span> <span class='ocrx_word' id='word_1_130' title='bbox 421 2586 519 2626; x_wconf 88' lang='lat' dir='ltr'><strong>sessor</strong></span> <span class='ocrx_word' id='word_1_131' title='bbox 535 2564 718 2648; x_wconf 83' lang='lat' dir='ltr'><strong>plausorque</strong></span> <span class='ocrx_word' id='word_1_132' title='bbox 733 2564 872 2638; x_wconf 87' lang='lat' dir='ltr'><strong>theatro;</strong></span> <span class='ocrx_word' id='word_1_133' title='bbox 1071 2571 1135 2634; x_wconf 90' lang='grc'><strong>130</strong></span> 
     </span>
     <span class='ocr_line' id='line_1_22' title="bbox 146 2661 795 2747; baseline 0.003 -20"><span class='ocrx_word' id='word_1_134' title='bbox 146 2661 269 2727; x_wconf 79' lang='lat' dir='ltr'><strong>Caetera</strong></span> <span class='ocrx_word' id='word_1_135' title='bbox 284 2663 337 2747; x_wconf 93' lang='lat' dir='ltr'><strong>qui</strong></span> <span class='ocrx_word' id='word_1_136' title='bbox 353 2664 427 2726; x_wconf 86' lang='lat' dir='ltr'><strong>vitae</strong></span> <span class='ocrx_word' id='word_1_137' title='bbox 441 2678 576 2728; x_wconf 88' lang='lat' dir='ltr'><strong>servaret</strong></span> <span class='ocrx_word' id='word_1_138' title='bbox 591 2664 697 2729; x_wconf 88' lang='lat' dir='ltr'><strong>munia</strong></span> <span class='ocrx_word' id='word_1_139' title='bbox 711 2679 795 2730; x_wconf 90' lang='lat' dir='ltr'><strong>recto</strong></span> 
     </span>
    </p>

    <p class='ocr_par' dir='ltr' id='par_1_16' title="bbox 144 2765 928 2855">
     <span class='ocr_line' id='line_1_23' title="bbox 144 2765 928 2855; baseline 0.005 -26"><span class='ocrx_word' id='word_1_140' title='bbox 144 2767 238 2829; x_wconf 92' lang='lat' dir='ltr'><strong>More</strong></span> <span class='ocrx_word' id='word_1_141' title='bbox 251 2789 259 2837; x_wconf 89' lang='lat'>;</span> <span class='ocrx_word' id='word_1_142' title='bbox 284 2765 383 2828; x_wconf 87' lang='lat' dir='ltr'><strong>bonus</strong></span> <span class='ocrx_word' id='word_1_143' title='bbox 398 2788 471 2830; x_wconf 88' lang='lat' dir='ltr'><strong>sane</strong></span> <span class='ocrx_word' id='word_1_144' title='bbox 487 2766 620 2846; x_wconf 83' lang='lat' dir='ltr'><strong>vicinus,</strong></span> <span class='ocrx_word' id='word_1_145' title='bbox 642 2767 783 2832; x_wconf 86' lang='lat' dir='ltr'><strong>amabilis</strong></span> <span class='ocrx_word' id='word_1_146' title='bbox 797 2767 928 2855; x_wconf 76' lang='lat' dir='ltr'><strong>hospes,</strong></span> 
     </span>
    </p>

    <p class='ocr_par' dir='ltr' id='par_1_17' title="bbox 144 2866 935 2955">
     <span class='ocr_line' id='line_1_24' title="bbox 144 2866 935 2955; baseline 0.01 -25"><span class='ocrx_word' id='word_1_147' title='bbox 144 2866 252 2930; x_wconf 89' lang='lat' dir='ltr'><strong>Comis</strong></span> <span class='ocrx_word' id='word_1_148' title='bbox 266 2866 299 2928; x_wconf 91' lang='lat' dir='ltr'><strong>in</strong></span> <span class='ocrx_word' id='word_1_149' title='bbox 315 2888 451 2942; x_wconf 79' lang='lat' dir='ltr'><strong>uxorem,</strong></span> <span class='ocrx_word' id='word_1_150' title='bbox 467 2882 569 2952; x_wconf 89' lang='lat' dir='ltr'><strong>posset</strong></span> <span class='ocrx_word' id='word_1_151' title='bbox 584 2869 638 2954; x_wconf 92' lang='lat' dir='ltr'><strong>qui</strong></span> <span class='ocrx_word' id='word_1_152' title='bbox 654 2870 811 2955; x_wconf 85' lang='lat' dir='ltr'><strong>ignoscere</strong></span> <span class='ocrx_word' id='word_1_153' title='bbox 827 2873 935 2952; x_wconf 88' lang='lat' dir='ltr'><strong>servis,</strong></span> 
     </span>
    </p>

    <p class='ocr_par' dir='ltr' id='par_1_18' title="bbox 142 2968 755 3057">
     <span class='ocr_line' id='line_1_25' title="bbox 142 2968 755 3057; baseline 0.008 -25"><span class='ocrx_word' id='word_1_154' title='bbox 142 2968 189 3032; x_wconf 83' lang='lat' dir='ltr'><strong>Et</strong></span> <span class='ocrx_word' id='word_1_155' title='bbox 205 2970 294 3052; x_wconf 86' lang='lat' dir='ltr'><strong>signo</strong></span> <span class='ocrx_word' id='word_1_156' title='bbox 309 2968 383 3034; x_wconf 85' lang='lat' dir='ltr'><strong>laeso</strong></span> <span class='ocrx_word' id='word_1_157' title='bbox 398 2992 461 3034; x_wconf 90' lang='lat' dir='ltr'><strong>non</strong></span> <span class='ocrx_word' id='word_1_158' title='bbox 475 2970 609 3036; x_wconf 87' lang='lat' dir='ltr'><strong>insanire</strong></span> <span class='ocrx_word' id='word_1_159' title='bbox 623 2972 755 3057; x_wconf 77' lang='lat' dir='ltr'><strong>lagenae,</strong></span> 
     </span>
    </p>

    <p class='ocr_par' dir='ltr' id='par_1_19' title="bbox 143 3070 1134 3260">
     <span class='ocr_line' id='line_1_26' title="bbox 144 3070 1134 3158; baseline 0.009 -25"><span class='ocrx_word' id='word_1_160' title='bbox 144 3070 253 3134; x_wconf 90' lang='lat' dir='ltr'><strong>l‘osset</strong></span> <span class='ocrx_word' id='word_1_161' title='bbox 267 3071 321 3155; x_wconf 93' lang='lat' dir='ltr'><strong>qui</strong></span> <span class='ocrx_word' id='word_1_162' title='bbox 336 3094 443 3157; x_wconf 89' lang='lat' dir='ltr'><strong>rupem</strong></span> <span class='ocrx_word' id='word_1_163' title='bbox 460 3086 491 3137; x_wconf 92' lang='lat' dir='ltr'><strong>et</strong></span> <span class='ocrx_word' id='word_1_164' title='bbox 507 3089 634 3158; x_wconf 87' lang='lat' dir='ltr'><strong>puteum</strong></span> <span class='ocrx_word' id='word_1_165' title='bbox 650 3077 748 3138; x_wconf 84' lang='lat' dir='ltr'><strong>vitare</strong></span> <span class='ocrx_word' id='word_1_166' title='bbox 762 3089 928 3158; x_wconf 87' lang='lat' dir='ltr'><strong>patentem.</strong></span> <span class='ocrx_word' id='word_1_167' title='bbox 1072 3082 1134 3142; x_wconf 84' lang='lat'><strong>135</strong></span> 
     </span>
     <span class='ocr_line' id='line_1_27' title="bbox 143 3173 935 3260; baseline 0.006 -25"><span class='ocrx_word' id='word_1_168' title='bbox 143 3173 208 3236; x_wconf 90' lang='lat' dir='ltr'><strong>Hic</strong></span> <span class='ocrx_word' id='word_1_169' title='bbox 224 3174 276 3237; x_wconf 92' lang='lat' dir='ltr'><strong>ubi</strong></span> <span class='ocrx_word' id='word_1_170' title='bbox 292 3188 492 3257; x_wconf 84' lang='lat' dir='ltr'><strong>cognatorum</strong></span> <span class='ocrx_word' id='word_1_171' title='bbox 509 3177 619 3260; x_wconf 89' lang='lat' dir='ltr'><strong>opibus</strong></span> <span class='ocrx_word' id='word_1_172' title='bbox 634 3176 776 3259; x_wconf 88' lang='lat' dir='ltr'><strong>curisque</strong></span> <span class='ocrx_word' id='word_1_173' title='bbox 791 3176 935 3250; x_wconf 85' lang='lat' dir='ltr'><strong>refectus,</strong></span> 
     </span>
    </p>

    <p class='ocr_par' dir='ltr' id='par_1_20' title="bbox 142 3275 931 3362">
     <span class='ocr_line' id='line_1_28' title="bbox 142 3275 931 3362; baseline 0.009 -24"><span class='ocrx_word' id='word_1_174' title='bbox 142 3275 275 3359; x_wconf 86' lang='lat' dir='ltr'><strong>Expulit</strong></span> <span class='ocrx_word' id='word_1_175' title='bbox 290 3275 446 3339; x_wconf 93' lang='lat' dir='ltr'><strong>helleboro</strong></span> <span class='ocrx_word' id='word_1_176' title='bbox 463 3277 615 3355; x_wconf 90' lang='lat' dir='ltr'><strong>morbum,</strong></span> <span class='ocrx_word' id='word_1_177' title='bbox 630 3277 785 3362; x_wconf 90' lang='lat' dir='ltr'><strong>bilemque</strong></span> <span class='ocrx_word' id='word_1_178' title='bbox 800 3298 931 3358; x_wconf 88' lang='lat' dir='ltr'><strong>meraco,</strong></span> 
     </span>
    </p>

    <p class='ocr_par' dir='ltr' id='par_1_21' title="bbox 142 3377 888 3460">
     <span class='ocr_line' id='line_1_29' title="bbox 142 3377 888 3460; baseline 0.012 -22"><span class='ocrx_word' id='word_1_179' title='bbox 142 3378 187 3439; x_wconf 88' lang='lat' dir='ltr'><strong>Et</strong></span> <span class='ocrx_word' id='word_1_180' title='bbox 202 3377 282 3440; x_wconf 88' lang='lat' dir='ltr'><strong>redit</strong></span> <span class='ocrx_word' id='word_1_181' title='bbox 297 3377 337 3440; x_wconf 86' lang='lat' dir='ltr'><strong>sd</strong></span> <span class='ocrx_word' id='word_1_182' title='bbox 353 3399 440 3451; x_wconf 85' lang='lat' dir='ltr'><strong>sese;</strong></span> <span class='ocrx_word' id='word_1_183' title='bbox 467 3379 537 3456; x_wconf 87' lang='lat' dir='ltr'><strong>Pol,</strong></span> <span class='ocrx_word' id='word_1_184' title='bbox 552 3402 601 3444; x_wconf 93' lang='lat' dir='ltr'><strong>me</strong></span> <span class='ocrx_word' id='word_1_185' title='bbox 616 3380 771 3444; x_wconf 89' lang='lat' dir='ltr'><strong>occidistis</strong></span> <span class='ocrx_word' id='word_1_186' title='bbox 786 3382 888 3460; x_wconf 88' lang='lat' dir='ltr'><strong>amici,</strong></span> 
     </span>
    </p>

    <p class='ocr_par' dir='ltr' id='par_1_22' title="bbox 142 3477 886 3566">
     <span class='ocr_line' id='line_1_30' title="bbox 142 3477 886 3566; baseline 0.008 -24"><span class='ocrx_word' id='word_1_187' title='bbox 142 3480 214 3543; x_wconf 92' lang='lat' dir='ltr'><strong>Non</strong></span> <span class='ocrx_word' id='word_1_188' title='bbox 231 3477 387 3556; x_wconf 68' lang='lat' dir='ltr'><strong>servistis,</strong></span> <span class='ocrx_word' id='word_1_189' title='bbox 403 3481 457 3559; x_wconf 88' lang='lat' dir='ltr'><strong>ait,</strong></span> <span class='ocrx_word' id='word_1_190' title='bbox 475 3482 524 3545; x_wconf 90' lang='lat' dir='ltr'><strong>cui</strong></span> <span class='ocrx_word' id='word_1_191' title='bbox 540 3483 584 3546; x_wconf 90' lang='lat' dir='ltr'><strong>sic</strong></span> <span class='ocrx_word' id='word_1_192' title='bbox 599 3496 718 3546; x_wconf 86' lang='lat' dir='ltr'><strong>extorta</strong></span> <span class='ocrx_word' id='word_1_193' title='bbox 732 3482 886 3566; x_wconf 87' lang='lat' dir='ltr'><strong>voluptas,</strong></span> 
     </span>
    </p>

    <p class='ocr_par' dir='ltr' id='par_1_23' title="bbox 141 3582 1157 3767">
     <span class='ocr_line' id='line_1_31' title="bbox 141 3582 1133 3666; baseline 0.001 -22"><span class='ocrx_word' id='word_1_194' title='bbox 141 3583 187 3645; x_wconf 88' lang='lat' dir='ltr'><strong>Et</strong></span> <span class='ocrx_word' id='word_1_195' title='bbox 202 3582 325 3645; x_wconf 88' lang='lat' dir='ltr'><strong>demtus</strong></span> <span class='ocrx_word' id='word_1_196' title='bbox 339 3604 395 3666; x_wconf 91' lang='lat' dir='ltr'><strong>per</strong></span> <span class='ocrx_word' id='word_1_197' title='bbox 411 3583 473 3644; x_wconf 92' lang='lat' dir='ltr'><strong>vim</strong></span> <span class='ocrx_word' id='word_1_198' title='bbox 489 3582 601 3645; x_wconf 91' lang='lat' dir='ltr'><strong>mentis</strong></span> <span class='ocrx_word' id='word_1_199' title='bbox 615 3582 808 3662; x_wconf 84' lang='lat' dir='ltr'><strong>gratissimus</strong></span> <span class='ocrx_word' id='word_1_200' title='bbox 823 3605 915 3645; x_wconf 87' lang='lat' dir='ltr'><strong>orror.</strong></span> <span class='ocrx_word' id='word_1_201' title='bbox 1069 3592 1133 3654; x_wconf 75' lang='lat'><strong>140</strong></span> 
     </span>
     <span class='ocr_line' id='line_1_32' title="bbox 141 3680 1157 3767; baseline -0.005 -19"><span class='ocrx_word' id='word_1_202' title='bbox 141 3683 339 3758; x_wconf 65' lang='lat' dir='ltr'><strong>ilNimirurn</strong></span> <span class='ocrx_word' id='word_1_203' title='bbox 358 3705 464 3767; x_wconf 82' lang='lat' dir='ltr'><strong>sapere</strong></span> <span class='ocrx_word' id='word_1_204' title='bbox 479 3696 525 3745; x_wconf 91' lang='lat' dir='ltr'><strong>est</strong></span> <span class='ocrx_word' id='word_1_205' title='bbox 541 3681 669 3764; x_wconf 89' lang='lat' dir='ltr'><strong>abjectis</strong></span> <span class='ocrx_word' id='word_1_206' title='bbox 684 3680 762 3743; x_wconf 91' lang='lat' dir='ltr'><strong>utile</strong></span> <span class='ocrx_word' id='word_1_207' title='bbox 776 3682 879 3765; x_wconf 84' lang='lat' dir='ltr'><strong>nugis,</strong></span> <span class='ocrx_word' id='word_1_208' title='bbox 1154 3687 1157 3691; x_wconf 74' lang='grc'>’</span> 
     </span>
    </p>
   </div>
   <div class='ocr_carea' id='block_1_3' title="bbox 139 3781 1131 4278">
    <p class='ocr_par' dir='ltr' id='par_1_24' title="bbox 142 3781 871 3870">
     <span class='ocr_line' id='line_1_33' title="bbox 142 3781 871 3870; baseline -0.001 -23"><span class='ocrx_word' id='word_1_209' title='bbox 142 3783 187 3848; x_wconf 87' lang='lat' dir='ltr'><strong>Et</strong></span> <span class='ocrx_word' id='word_1_210' title='bbox 201 3786 418 3870; x_wconf 87' lang='lat' dir='ltr'><strong>tempestivum</strong></span> <span class='ocrx_word' id='word_1_211' title='bbox 434 3783 537 3869; x_wconf 88' lang='lat' dir='ltr'><strong>pueris</strong></span> <span class='ocrx_word' id='word_1_212' title='bbox 553 3782 719 3847; x_wconf 90' lang='lat' dir='ltr'><strong>concedere</strong></span> <span class='ocrx_word' id='word_1_213' title='bbox 737 3781 846 3861; x_wconf 88' lang='lat' dir='ltr'><strong>ludum</strong></span> <span class='ocrx_word' id='word_1_214' title='bbox 862 3807 871 3856; x_wconf 91' lang='lat'>;</span> 
     </span>
    </p>

    <p class='ocr_par' dir='ltr' id='par_1_25' title="bbox 140 3885 958 3971">
     <span class='ocr_line' id='line_1_34' title="bbox 140 3885 958 3971; baseline 0.002 -21"><span class='ocrx_word' id='word_1_215' title='bbox 140 3888 187 3950; x_wconf 84' lang='lat' dir='ltr'><strong>Ac</strong></span> <span class='ocrx_word' id='word_1_216' title='bbox 200 3908 263 3950; x_wconf 92' lang='lat' dir='ltr'><strong>non</strong></span> <span class='ocrx_word' id='word_1_217' title='bbox 279 3888 373 3951; x_wconf 88' lang='lat' dir='ltr'><strong>verba</strong></span> <span class='ocrx_word' id='word_1_218' title='bbox 388 3886 474 3971; x_wconf 88' lang='lat' dir='ltr'><strong>sequi</strong></span> <span class='ocrx_word' id='word_1_219' title='bbox 489 3885 604 3949; x_wconf 80' lang='lat' dir='ltr'><strong>fidibus</strong></span> <span class='ocrx_word' id='word_1_220' title='bbox 619 3885 808 3950; x_wconf 91' lang='lat' dir='ltr'><strong>modulanda</strong></span> <span class='ocrx_word' id='word_1_221' title='bbox 823 3886 958 3965; x_wconf 88' lang='lat' dir='ltr'><strong>Latinis,</strong></span> 
     </span>
    </p>

    <p class='ocr_par' dir='ltr' id='par_1_26' title="bbox 141 3988 951 4074">
     <span class='ocr_line' id='line_1_35' title="bbox 141 3988 951 4074; baseline -0.002 -19"><span class='ocrx_word' id='word_1_222' title='bbox 141 3991 204 4055; x_wconf 86' lang='lat' dir='ltr'><strong>Sed</strong></span> <span class='ocrx_word' id='word_1_223' title='bbox 219 4012 300 4053; x_wconf 84' lang='lat' dir='ltr'><strong>verae</strong></span> <span class='ocrx_word' id='word_1_224' title='bbox 315 4012 519 4074; x_wconf 88' lang='lat' dir='ltr'><strong>numerosque</strong></span> <span class='ocrx_word' id='word_1_225' title='bbox 535 3990 702 4074; x_wconf 89' lang='lat' dir='ltr'><strong>modosque</strong></span> <span class='ocrx_word' id='word_1_226' title='bbox 717 3988 853 4054; x_wconf 88' lang='lat' dir='ltr'><strong>ediscere</strong></span> <span class='ocrx_word' id='word_1_227' title='bbox 868 3989 951 4053; x_wconf 85' lang='lat' dir='ltr'><strong>vitae.</strong></span> 
     </span>
    </p>

    <p class='ocr_par' dir='ltr' id='par_1_27' title="bbox 139 4092 1131 4278">
     <span class='ocr_line' id='line_1_36' title="bbox 140 4092 1131 4176; baseline 0.006 -19"><span class='ocrx_word' id='word_1_228' title='bbox 140 4094 293 4172; x_wconf 80' lang='lat' dir='ltr'><strong>Quocirca</strong></span> <span class='ocrx_word' id='word_1_229' title='bbox 308 4115 427 4160; x_wconf 86' lang='lat' dir='ltr'><strong>meeum</strong></span> <span class='ocrx_word' id='word_1_230' title='bbox 444 4093 551 4176; x_wconf 86' lang='lat' dir='ltr'><strong>loquor</strong></span> <span class='ocrx_word' id='word_1_231' title='bbox 566 4092 645 4170; x_wconf 83' lang='lat' dir='ltr'><strong>haec,</strong></span> <span class='ocrx_word' id='word_1_232' title='bbox 662 4092 834 4176; x_wconf 88' lang='lat' dir='ltr'><strong>tacitusque</strong></span> <span class='ocrx_word' id='word_1_233' title='bbox 849 4095 1010 4173; x_wconf 80' lang='lat' dir='ltr'><strong>recordor3</strong></span> <span class='ocrx_word' id='word_1_234' title='bbox 1068 4100 1131 4164; x_wconf 83' lang='lat'><strong>145</strong></span> 
     </span>
     <span class='ocr_line' id='line_1_37' title="bbox 139 4194 830 4278; baseline -0.004 -18"><span class='ocrx_word' id='word_1_235' title='bbox 139 4197 173 4260; x_wconf 84' lang='lat' dir='ltr'><strong>si</strong></span> <span class='ocrx_word' id='word_1_236' title='bbox 190 4196 246 4261; x_wconf 90' lang='lat' dir='ltr'><strong>tibi</strong></span> <span class='ocrx_word' id='word_1_237' title='bbox 262 4197 347 4260; x_wconf 86' lang='lat' dir='ltr'><strong>nulla</strong></span> <span class='ocrx_word' id='word_1_238' title='bbox 363 4196 444 4260; x_wconf 85' lang='lat' dir='ltr'><strong>sitim</strong></span> <span class='ocrx_word' id='word_1_239' title='bbox 462 4195 564 4259; x_wconf 84' lang='lat' dir='ltr'><strong>liniret</strong></span> <span class='ocrx_word' id='word_1_240' title='bbox 579 4195 667 4278; x_wconf 88' lang='lat' dir='ltr'><strong>copia</strong></span> <span class='ocrx_word' id='word_1_241' title='bbox 682 4194 830 4278; x_wconf 71' lang='lat' dir='ltr'><strong>lymphae,</strong></span> 
     </span>
    </p>
   </div>
   <div class='ocr_carea' id='block_1_4' title="bbox 0 0 1440 5010">
    <p class='ocr_par' dir='ltr' id='par_1_28' title="bbox 0 0 1440 5010">
     <span class='ocr_line' id='line_1_38' title="bbox 0 0 1440 5010; baseline 0 4"><span class='ocrx_word' id='word_1_242' title='bbox 0 0 1440 5010; x_wconf 95' lang='lat' dir='ltr'><strong> </strong></span> 
     </span>
    </p>
   </div>
  </div>
 </body>
</html>
