2948 5422
510 850 738 897 onnononocr
761 849 802 893 or
827 838 949 893 worse.
976 860 981 867 ·
1190 830 1238 913 (dl

196 1002 299 1088 qui-id
313 1022 424 1067 nomen
436 1014 618 1067 consecutus
633 1013 690 1078 est,
706 1022 786 1065 anno
801 1001 924 1070 demum
938 996 1044 1064 Flacci
1060 1020 1189 1074 xxxrx;
1206 999 1240 1063 in

197 1112 396 1199 sequentibus
419 1133 492 1176 vero
518 1110 631 1194 passim
653 1111 820 1193 Aspona
845 1108 1029 1194 appellatur.
1073 1109 1155 1174 Inde
1180 1122 1238 1186 est,

194 1223 280 1308 quod
294 1222 327 1286 in
344 1221 543 1286 sermonibus
558 1233 590 1285 et
603 1219 725 1304 Epodis
739 1221 900 1285 Jrsoeraem
914 1241 947 1283 se
968 1219 1083 1304 ubique
1097 1218 1237 1289 indicata

196 1345 229 1396 ct
242 1332 326 1417 quod
348 1331 414 1395 sola
437 1330 606 1396 Satirarum
621 1328 713 1393 laude
735 1328 914 1393 inclaruisse
928 1328 1062 1406 sedicit,
1086 1340 1123 1392 ut
1133 1328 1240 1395 Buco-

195 1439 324 1507 licorum
341 1454 408 1505 tum
421 1440 585 1524 Virgilium
599 1435 714 1515 (Serm.
727 1459 752 1516 1,
765 1440 816 1503 10.
829 1459 860 1500 v.
872 1436 941 1520 46.)
951 1437 1038 1503 nulla
1052 1436 1237 1521 Lyricorum

196 1552 353 1617 mentione
367 1550 458 1615 facta.

239 1661 274 1748 ql
287 1659 318 1742 7.
343 1661 383 1723 ln
398 1657 508 1725 ceteris
522 1670 625 1723 autem
646 1657 778 1741 singulis
798 1658 992 1742 procedentis
1006 1657 1108 1723 aetatis
1122 1656 1237 1740 gradus

194 1768 383 1854 planissimis
398 1767 494 1851 signis
509 1766 644 1830 indicat:
667 1767 763 1851 idque
778 1766 836 1830 tibi
851 1789 890 1831 ex
904 1766 964 1831 hac
984 1766 1063 1833 serie
1071 1766 1139 1850 jam
1155 1788 1174 1830 a
1188 1787 1238 1831 me

195 1879 404 1943 demonstrata
423 1876 601 1962 jucundum
626 1876 685 1941 erit
707 1876 970 1951 animadvertere3
994 1898 1065 1942 cum
1094 1876 1237 1960 operibus

195 1990 218 2051 J
221 1989 393 2052 uvenilibus
415 1986 515 2051 multa
536 1987 677 2050 obscaena
692 1999 724 2050 et
737 1986 889 2071 flagitiosa
904 1987 1021 2060 insint;
1045 2001 1162 2071 quanto
1183 2009 1238 2053 ane

195 2097 243 2160 nis
257 2097 429 2181 provectior
443 2108 520 2173 erat,
537 2109 623 2160 tanto
638 2118 707 2160 eum
724 2109 756 2159 et
770 2096 891 2180 poetica
902 2096 1016 2159 virtute
1031 2110 1062 2160 et
1076 2118 1239 2180 argumen-

197 2220 296 2269 torum
313 2206 464 2290 dignitate
479 2205 693 2289 gravitateque
709 2205 865 2269 meliorem
880 2205 1101 2289 cautioremque
1117 2227 1238 2290 semper

196 2316 337 2379 evasisse.

241 2426 277 2512 ql
286 2430 317 2491 8.
340 2430 485 2492 Ceterum
498 2427 685 2511 ubicumque
696 2426 754 2489 riri
770 2424 940 2489 doctissimi
955 2439 1041 2490 extra
1054 2425 1169 2492 limites
1183 2412 1236 2494 hic

194 2536 310 2620 positos
331 2537 366 2601 in
387 2538 588 2623 adsignandis
610 2537 798 2621 temporibus
823 2549 1004 2621 evagantur,
1022 2537 1113 2602 toties
1134 2538 1181 2602 illi
1203 2539 1237 2602 in

193 2666 309 2710 errores
324 2648 538 2731 prolabuntur.
583 2647 689 2711 Facile
699 2647 823 2732 quidem
839 2647 917 2710 mihi
928 2646 1008 2711 foret
1018 2647 1052 2710 id
1063 2649 1096 2710 in
1106 2648 1237 2731 singulis

194 2756 377 2831 ostendere;
401 2779 509 2822 verum
523 2779 621 2822 unum
637 2757 728 2820 modo
743 2757 914 2821 alterumve
928 2757 981 2820 hic
1004 2757 1165 2840 attingam,
1187 2780 1237 2823 ce·

195 2879 260 2930 tera
275 2879 338 2930 tuae
352 2866 514 2931 industriae
525 2868 710 2953 relinquens.
727 2866 817 2930 Libri
833 2888 857 2929 1.
875 2868 1008 2930 Carmen
1023 2868 1076 2944 21,
1088 2868 1238 2930 Dianam

196 2983 320 3039 renem
345 2978 440 3041 dicite
460 2980 618 3059 Virginea,
641 2998 801 3062 perperam
817 2976 980 3040 Seculare
998 2990 1121 3056 vocant,
1144 2991 1176 3041 et
1197 2977 1238 3042 ad

198 3085 325 3149 Horatii
339 3108 452 3150 annum
469 3109 563 3151 xnrx.
576 3088 736 3167 referunt3
758 3087 900 3170 ringente
924 3087 1083 3166 Suetonio,
1106 3088 1160 3173 qui
1176 3102 1237 3154 tres

198 3196 379 3261 Carminum
403 3196 496 3262 libros
512 3201 607 3278 longo
626 3197 799 3261 intervallo
822 3220 892 3262 eum
916 3218 1030 3262 annum
1046 3201 1238 3282 praecessisse

195 3319 335 3372 testatur.
378 3308 476 3392 Atqui
497 3307 578 3371 nihil
600 3308 763 3393 quicquam
787 3308 839 3372 hic
860 3308 901 3371 de
915 3309 1140 3373 Sacerdotibus
1154 3311 1238 3374 ludis

194 3416 354 3498 proditur;
379 3418 433 3481 sed
452 3431 507 3482 aut
526 3418 566 3481 ad
590 3418 704 3481 Dianae
726 3431 780 3482 aut
795 3418 950 3502 Apollinis
971 3419 1083 3483 festum
1107 3434 1236 3504 spectet,

195 3546 323 3609 qnorum
340 3527 420 3590 illud
434 3549 539 3591 mense
554 3528 708 3610 Augusto,
723 3527 783 3590 hoc
797 3528 887 3590 Julio
902 3527 1033 3612 singulis
1054 3530 1143 3592 annis
1159 3531 1238 3594 cele-

195 3635 349 3701 brabatur.
372 3637 494 3700 Eodem
505 3638 640 3721 pertinet
652 3637 771 3701 Catulli
783 3658 905 3700 carmen
926 3659 1029 3716 xxxv,
1045 3640 1168 3704 Dianae
1183 3663 1239 3704 su·

193 3765 267 3807 mur
287 3750 325 3809 in
335 3748 429 3831 fide‚·
453 3747 537 3831 quod
559 3748 729 3811 Saecnlore
753 3747 846 3810 etiam
862 3769 880 3810 a
895 3747 969 3810 viris
987 3747 1085 3810 doctis
1106 3750 1237 3832 pessime

195 3854 392 3930 inscribitur3
416 3878 485 3920 cum
509 3856 589 3920 nihil
606 3857 650 3921 ibi
673 3858 712 3921 de
734 3859 864 3923 Saemlo
887 3855 1047 3935 habeatur,
1069 3857 1156 3943 isquc
1181 3860 1236 3923 diu

195 3964 277 4029 diem
293 3965 403 4029 obierit
417 3977 489 4029 ante
504 3965 614 4030 Ludos
629 3966 768 4049 Augusti
785 3966 964 4029 Soeculares.

239 4075 313 4163 llil.
338 4078 425 4139 Tum
440 4088 472 4139 et
488 4098 528 4153 11,
545 4074 598 4157 17,
619 4078 672 4140 Ad
683 4078 901 4140 Maecenatem
920 4084 1094 4158 (egrotum,
1109 4077 1236 4142 immani

194 4187 443 4270 parachronismo
458 4189 498 4252 ad
521 4188 646 4252 Horatii
661 4210 776 4252 annum
793 4210 845 4251 cv.
862 4187 943 4252 ultra
957 4188 1028 4252 libri
1043 4191 1144 4274 quarti
1161 4206 1237 4255 tcm-

195 4319 270 4381 pora
284 4298 450 4383 ablegant;
473 4299 567 4384 idque
578 4298 640 4361 levi
655 4311 685 4362 et
700 4298 783 4361 futili
799 4311 990 4383 argumento,
1006 4300 1090 4383 quod
1101 4322 1137 4364 co
1152 4324 1235 4365 anno

194 4407 341 4471 continua
364 4408 516 4472 insomnia
541 4409 645 4471 vexari
670 4408 799 4491 coeperit
826 4410 985 4475 Moecenas
1009 4409 1140 4472 triennio
1166 4424 1237 4476 ante

194 4513 277 4578 diem
291 4516 427 4581 fatalem.
472 4517 569 4595 Quasi
584 4538 657 4581 vero
671 4539 733 4581 non
748 4517 819 4602 plus
836 4518 929 4582 semel
944 4517 977 4581 in
993 4531 1056 4581 tam
1068 4518 1161 4602 longa
1173 4520 1237 4585 vita

194 4627 402 4708 aegrotaverit,
417 4648 508 4712 quem
524 4627 646 4691 Plinius
662 4628 759 4714 major
775 4649 838 4704 vrr,
854 4629 907 4693 51.
922 4636 1079 4710 perpetuo
1087 4630 1180 4711 sobre
1198 4632 1238 4694 ab

195 4734 403 4802 adolescentia
417 4737 570 4803 laborasse
586 4736 722 4820 tradidit.
