2872 5010
274 425 339 489 112
606 440 637 489 o·
660 441 806 485 uocarat
831 441 954 485 resecr

320 592 475 680 lujurioso
488 613 528 656 ne
542 591 622 676 pede
632 612 759 676 proruss

319 696 459 758 Stantem
476 692 670 763 columnam
695 714 757 758 neu
771 693 906 778 populus
919 693 1065 780 frequens

363 798 413 860 Ad
428 818 513 859 arma
526 810 692 871 cessantes,
707 796 749 859 ad
762 817 847 860 arms

404 897 559 974 Concitet,
575 895 798 981 imperiumque
810 896 943 981 frangat.

319 998 370 1060 Te
386 1015 507 1077 semper
521 993 617 1056 anteit
637 1014 719 1056 saeva
734 993 922 1070 Necessitas,

319 1097 433 1160 Claros
447 1093 580 1158 trabales
595 1107 626 1156 et
640 1115 754 1157 cuneos
768 1114 862 1159 manu

363 1198 499 1260 Gestans
513 1194 631 1271 ahena3
654 1215 711 1258 nec
725 1215 848 1257 severus

405 1298 515 1359 Uncus
530 1295 627 1370 abest,
643 1294 857 1379 liquidumque
869 1293 1041 1381 plumbum.

318 1399 369 1461 Te
385 1399 462 1481 Spes
477 1410 508 1459 et
523 1395 594 1459 albo
607 1417 676 1460 rara
692 1397 787 1460 Fides
802 1396 877 1461 colit

319 1498 431 1562 Velats
446 1518 570 1582 panno;
594 1519 651 1560 nec
666 1497 809 1561 comitem
824 1499 967 1580 abnegat,

365 1601 534 1682 Utcunque
547 1613 666 1662 mutata
682 1612 822 1682 potentes

405 1703 500 1764 l'este
516 1700 624 1763 domos
639 1699 766 1763 inimica
780 1698 904 1784 linquis.

320 1804 368 1865 At
384 1801 497 1885 vulgus
512 1800 641 1863 infidum
657 1814 689 1863 et
704 1800 848 1864 meretrix
862 1812 943 1864 retro

323 1903 452 1986 Perjura
467 1901 561 1964 cedit:
586 1899 757 1982 diffugiunt
773 1902 861 1964 cadis

364 2007 446 2066 Cum
460 2001 537 2064 faeee
551 1999 671 2063 siccatis
686 1999 789 2075 amici,

404 2103 500 2166 Ferre
509 2101 623 2185 jugum
638 2099 753 2178 pariter
768 2103 877 2167 dolosi.

323 2208 434 2270 Serves
449 2203 565 2266 iturum
583 2205 737 2267 Caesarem
753 2203 785 2268 iu
799 2203 926 2272 ultimos

322 2305 417 2369 Orbis
435 2304 614 2383 Britannos,
630 2320 662 2369 ct
670 2305 822 2391 juvenum
835 2329 940 2373 recens

365 2409 510 2472 Examen
527 2403 603 2470 Fcis
618 2406 789 2469 timendum

409 2509 566 2584 Partibus,
579 2509 764 2592 Oceanoque
779 2509 882 2573 rubro.

322 2607 415 2672 Eheu
429 2603 437 2668 l
462 2607 638 2671 cicatricum
654 2621 685 2671 et
700 2609 822 2673 sceleris
837 2612 933 2694 pudet

321 2708 542 2793 Fratrumque:
566 2708 642 2792 quid
657 2729 713 2772 nos
728 2710 806 2774 durs
820 2712 989 2796 refugimus

367 2806 489 2871 AEtas?
511 2809 587 2894 quid
603 2809 753 2875 intactum
768 2812 880 2877 nefasti

408 2910 600 2994 Liquimus?
623 2913 706 2976 unde
722 2934 847 2977 manum
858 2913 1008 2999 juventus

322 3014 414 3078 Metu
430 3016 568 3078 Deorum
585 3013 761 3079 continuit?
784 3014 896 3099 quibus

324 3117 468 3203 Pepercit
483 3117 566 3181 aris?
589 3119 618 3181 Ο
635 3115 753 3180 utinam
768 3138 850 3181 nova

367 3219 486 3283 Ineude
500 3217 643 3300 diffingas
653 3212 790 3282 retusuin
806 3217 837 3281 in

410 3319 605 3401 Massagetas
619 3318 798 3402 Arabasque
812 3319 936 3384 ferrum.

552 3528 686 3542 ——4

534 3677 628 3740 ODE
655 3676 831 3741 XXXVI.
878 3675 936 3754 (m.
951 3678 1017 3754 xv.)

595 3857 640 3900 DE
656 3857 778 3901 PLOTIO
801 3857 954 3901 NUMIDA·

266 3955 272 3967 '
324 3980 377 4043 nr
394 3990 462 4042 ture
477 3990 510 4042 et
523 3974 637 4039 finibus
646 3973 740 4057 juvat

368 4081 507 4155 Placere,
524 4092 555 4143 et
571 4074 661 4138 vituli
678 4073 827 4159 sanguine
842 4072 948 4136 debito
