2872 5010
203 466 269 531 1oe
522 483 553 529 e.
576 479 725 525 nomn
748 479 876 524 nicer

208 641 335 708 Scilioet
348 653 385 704 nt
399 638 456 704 tibi
470 659 504 702 ee
516 637 648 703 nodare
661 650 692 702 et
708 637 830 702 trudere
842 659 944 713 eonor,

206 747 348 830 Dignum
364 757 467 806 mento
480 742 635 827 domoque
648 741 781 825 legentis
795 741 926 815 honesto
940 739 1103 816 Neronis;

205 847 342 912 Munere
355 868 425 910 cnm
440 845 530 928 fungi
541 844 694 929 propioris
708 857 813 907 oeneet
826 841 935 916 mich
1196 851 1220 912 5

204 950 290 1028 Quid
304 949 430 1033 possim,
446 948 583 1010 videtne
597 946 686 1009 novit
700 967 750 1009 me
765 945 886 1008 valdius
897 944 976 1030 ipso.

202 1050 309 1113 Multa
322 1050 447 1134 quidem
462 1048 539 1122 dixi,
554 1069 610 1110 cur
623 1061 787 1110 excusatus
801 1047 937 1110 obirem:

204 1153 266 1218 Sed
281 1151 383 1226 timui,
399 1171 466 1214 mes
480 1170 520 1212 ne
534 1147 659 1212 finxisse
674 1148 793 1211 minore
807 1161 945 1232 putarer,

202 1254 423 1321 Dissimuletor
436 1251 503 1336 opis
513 1250 658 1334 proprie,
675 1249 751 1313 mihi
767 1250 948 1314 commodus
958 1252 1026 1315 uni.

203 1359 256 1423 Sic
270 1379 339 1442 ego,
354 1354 478 1439 majoris
492 1352 615 1436 fugiens
630 1352 794 1437 opprobrie
809 1352 922 1438 cnlpae,
1165 1360 1210 1421 to

202 1461 330 1526 Frontis
343 1459 384 1523 ed
398 1458 525 1521 urbenoe
539 1455 685 1519 deseendi
699 1455 838 1540 pramis.
882 1457 974 1534 Quod
989 1456 1015 1519 si

202 1562 389 1649 Depositum
405 1561 514 1624 leudes
524 1560 565 1622 ob
579 1559 669 1622 amici
679 1559 769 1643 jussa
783 1560 942 1643 pudorem,

202 1667 310 1731 Scribe
324 1666 370 1729 tui
381 1663 485 1748 gregis
499 1662 595 1738 hune,
610 1675 641 1725 et
656 1659 766 1725 fortem
781 1661 872 1726 erede
885 1662 1076 1746 bonumque.

550 1958 786 2020 EPISTOLA
809 1959 851 2020 X.

494 2129 540 2177 Ab
564 2133 697 2179 FUSCUH
720 2136 903 2180 Animul-

200 2282 313 2346 Unsrs
329 2293 494 2344 amatorem
511 2280 647 2344 Fuscum
663 2279 780 2344 solvere
788 2279 935 2365 jubemus

200 2386 298 2450 Ruris
312 2398 474 2458 emtores,
491 2382 550 2446 hee
564 2383 596 2445 in
607 2405 642 2446 re
656 2382 772 2447 seilicet
786 2404 848 2447 nne

198 2487 339 2550 Multum
352 2486 527 2562 dissimiles,
542 2500 573 2548 et
588 2500 699 2550 eaetere
713 2506 791 2570 pene
805 2485 941 2569 gemelli,

200 2588 360 2651 Fraternie
374 2589 496 2662 animis,
511 2588 657 2672 quicquid
673 2601 766 2673 negot
780 2587 868 2665 alter,
883 2602 915 2652 et
929 2589 1026 2664 alten

197 2690 379 2754 Annuimus
393 2690 509 2772 pariter
523 2691 619 2754 vetuli
634 2691 762 2775 notique
777 2689 919 2754 columbi.
1176 2701 1199 2762 5

199 2793 253 2854 'I’u
268 2790 375 2853 nidum
391 2811 506 2866 servos,
523 2813 580 2874 ego
596 2790 689 2854 lando
705 2791 784 2854 ruris
799 2793 912 2856 smoeni

197 2891 308 2965 Rivos,
324 2904 356 2953 et
371 2910 477 2951 museo
492 2891 663 2952 circumlita
679 2913 763 2967 saxo,
780 2915 959 2979 nemusque.

196 2993 281 3072 Quid
293 2990 429 3077 quaeris?
454 2990 525 3054 vivo
540 3004 571 3054 et
585 3013 692 3075 regno,
704 2991 797 3054 simul
813 2993 873 3058 iste
887 2997 998 3083 reliqui

196 3098 275 3175 Quae
291 3118 345 3158 vos
359 3094 399 3159 ad
415 3096 528 3159 etnlum
544 3095 659 3159 effertis
674 3117 795 3160 rumore
811 3100 966 3164 secundo:

196 3199 304 3282 thue
319 3197 484 3261 sooerdotis
495 3197 660 3281 fugitivus,
672 3199 736 3263 libo
751 3222 877 3272 recuso;
1150 3207 1193 3270 10

195 3301 282 3364 Pone
298 3321 373 3383 egeo
382 3298 449 3383 jem
465 3300 591 3362 mellitis
606 3300 724 3382 potiore
739 3301 899 3385 placentis.

196 3402 306 3465 Vivere
321 3415 440 3466 nsturae
456 3401 480 3464 si
497 3402 715 3466 convenienter
730 3418 863 3486 oportet,

194 3504 414 3590 Ponendaeque
428 3505 520 3570 domo
534 3507 701 3592 querenda
715 3520 760 3569 est
776 3529 846 3571 oreo
860 3509 1005 3592 primum,

195 3604 360 3672 Novistine
376 3607 476 3672 locum
493 3610 642 3695 potiorem
658 3633 728 3675 rure
741 3611 855 3675 besto?

194 3709 255 3775 Est
267 3707 323 3769 ubi
337 3708 408 3793 plus
425 3726 551 3795 tepeant
566 3715 706 3779 hiemes?
729 3714 782 3778 ubi
797 3713 912 3799 gratior
927 3735 1000 3778 aura
1145 3715 1189 3779 15

194 3808 307 3876 Leniat
321 3823 356 3872 et
368 3812 482 3872 rabiem
501 3818 607 3892 (mnis,
624 3831 655 3880 et
671 3833 825 3880 momenta
840 3815 966 3892 Leonis,

194 3917 275 3979 Cum
291 3912 384 3975 semel
399 3914 517 3994 occepit
533 3917 626 3977 solem
643 3918 828 3979 furibundus
843 3919 992 3980 acutum?

193 4021 254 4082 Est
269 4016 320 4081 ubi
336 4013 461 4078 divellat
477 4035 599 4075 somnos
615 4016 717 4077 minus
732 4016 838 4078 invida
854 4021 950 4079 cura?
987 4094 990 4099 Ι

193 4121 339 4188 Deterius
356 4115 483 4202 Libyeis
498 4115 560 4178 olet
576 4130 629 4179 out
645 4117 723 4179 nitet
738 4115 835 4181 herba
850 4118 991 4201 lapillis?

192 4225 303 4291 Purior
314 4223 346 4286 in
360 4219 437 4285 vicis
451 4236 529 4304 equa
545 4217 644 4283 tendit
658 4239 800 4302 rumpere
815 4219 988 4303 plumbum,
1142 4224 1185 4289 20
