2872 5010
302 420 346 482 58
623 433 654 480 e.
676 431 824 477 uounru
848 431 974 475 resecr

305 585 409 651 'Pollis
422 584 463 650 ad
477 595 560 649 astro
572 581 659 647 levis.
704 581 739 649 Si
753 602 906 667 nusquam
921 602 955 646 es
967 579 1192 648 feruruntus

304 688 361 753 Ad
375 708 507 766 coenam,
522 685 631 751 laudas
646 705 787 751 securmn
801 683 888 751 olus:
912 705 960 763 ac,
970 683 1059 750 velut
1072 705 1204 771 usqum
1258 688 1309 753 30

305 790 437 855 vinctus
452 810 515 865 eas,
530 787 575 852 ita
588 800 620 851 te
633 786 756 853 felicem
769 785 861 867 dicis,
875 808 1033 873 amesque,

307 892 399 971 Quod
413 910 564 976 nusquam
580 888 637 954 tibi
653 889 694 954 sit
706 888 889 974 potandum.
930 889 1069 954 lucescit
1082 889 1123 955 ad
1137 910 1170 955 se

308 993 469 1056 Maecenas
483 1011 583 1055 serum
600 990 658 1055 sub
672 989 790 1056 lumina
803 990 904 1075 prima
914 990 1021 1056 venire

308 1093 481 1159 Convivam
494 1116 503 1166 ;
528 1093 660 1155 Nemon'
675 1091 777 1156 oleum
792 1091 852 1156 fert
866 1091 972 1157 onus?
994 1092 1100 1180 ecquis

308 1194 432 1259 Audit?
458 1214 528 1257 cum
544 1214 657 1277 rnsgno
671 1193 803 1259 blateras
817 1193 960 1273 clamore,
974 1194 1121 1282 {iurisque

308 1296 440 1360 Milvius
454 1307 487 1359 et
501 1316 614 1359 seurrae
629 1294 685 1359 tibi
700 1315 762 1358 nou
777 1294 939 1360 referenda
952 1296 1071 1380 precati

309 1397 495 1463 Discedunt.
538 1396 665 1461 Etenim
681 1396 780 1461 fateor
793 1417 855 1474 me,
870 1396 983 1462 dixerit
997 1396 1063 1475 ille,

310 1498 394 1563 Duci
409 1512 516 1562 ventre
530 1497 629 1562 levem
642 1523 651 1573 3
675 1519 784 1563 nasum
799 1499 908 1564 nidore
918 1498 1069 1585 supinum
1085 1558 1088 1563 .

311 1600 504 1680 Imbecillus,
520 1600 612 1679 iners,
628 1600 730 1686 siquid
744 1600 804 1679 vie,
820 1600 912 1679 udde,
925 1600 1050 1686 popino.

312 1704 377 1781 Tu,
393 1724 463 1768 cum
479 1703 520 1767 sis
534 1703 619 1788 quod
633 1725 703 1786 ego,
717 1715 750 1767 et
763 1702 902 1767 fortassis
914 1702 1054 1788 nequior,
1069 1702 1152 1771 ultro

314 1806 481 1881 Insectere,
498 1805 584 1869 velut
600 1804 732 1869 melior?
749 1803 912 1888 verbisque
926 1804 1046 1869 decom·

312 1906 471 1971 Obvolvas
487 1905 621 1969 vitium?
643 1906 720 1990 quid
735 1905 761 1968 si
776 1927 825 1970 me
840 1905 963 1971 stultior
977 1904 1045 1990 ipso

313 2007 499 2091 Quingentie
514 2019 596 2071 emto
610 2005 766 2071 drachmis
779 2004 1003 2092 deprenderis?
1025 2007 1113 2073 aufer

314 2110 372 2173 Me
386 2108 477 2172 vultu
492 2121 624 2181 terrere;
647 2128 772 2172 menum
789 2105 1043 2195 stomachumque
1057 2123 1172 2187 mnne,

314 2211 412 2286 Dum,
428 2232 498 2296 quae
514 2209 652 2295 Crispini
668 2209 775 2275 docuit
789 2231 839 2274 me
847 2209 978 2295 janitor,
988 2211 1057 2276 edo.

314 2314 366 2378 Te
380 2314 494 2400 conjux
509 2313 609 2379 aliena
624 2312 718 2398 capit,
733 2311 929 2376 meretricula
943 2312 1085 2377 Davum:
1222 2346 1225 2351 ·

315 2417 430 2481 Peccat
445 2429 515 2481 uter
529 2413 668 2482 nostrirm
684 2435 774 2479 cruce
788 2411 937 2496 dignius?
952 2414 1032 2479 acris
1046 2414 1102 2480 ubi
1115 2435 1167 2481 me

315 2518 437 2582 Natura
447 2517 596 2596 incendit,
613 2516 671 2581 sub
685 2516 768 2581 clara
781 2515 866 2580 nuda
880 2514 1006 2581 lucerna

316 2620 516 2703 Quaecunque
531 2619 656 2704 excepit
671 2617 823 2702 turgentis
837 2617 963 2683 verbere
977 2617 1086 2682 caudae

316 2718 481 2796 Clunibus,
496 2733 551 2784 aut
565 2719 695 2804 agitavit
710 2740 822 2805 equum
837 2718 953 2785 lasciva
967 2718 1124 2804 supinum,

308 2819 458 2904 *Dimittit
471 2840 571 2904 neque
585 2819 749 2898 famosum,
764 2842 864 2905 neque
878 2819 1045 2897 solicitum,
1059 2841 1100 2886 ne

316 2921 432 3000 Ditior‚
445 2934 500 2986 aut
514 2920 622 2984 formae
637 2920 771 2984 melioris
785 2923 880 2988 meist
894 2922 1011 2986 eodetn

317 3024 382 3101 Tu,
398 3044 468 3087 cum
484 3021 628 3108 projectis
642 3021 827 3108 insignibus,
843 3023 959 3088 annulo
973 3023 1107 3109 equestri

316 3125 522 3210 Romanoque
534 3123 657 3203 habitu,
672 3124 776 3209 prodis
791 3147 829 3189 ex
837 3125 946 3211 judice
961 3126 1064 3191 Dema

318 3227 447 3310 Turpis,
460 3225 621 3291 odormum
637 3239 731 3311 caput
745 3227 928 3291 obscurante
942 3226 1075 3305 lacerna,

318 3328 391 3390 Nou
407 3328 538 3412 ecquod
553 3327 704 3390 simulas?
727 3337 867 3393 metuens
882 3328 1049 3407 induceris,
1064 3339 1156 3414 etque

318 3427 500 3494 Altercsnte
514 3428 694 3492 libidinibus
711 3426 815 3492 tremis
830 3450 898 3493 ossa
912 3451 1036 3513 pavore.

318 3526 407 3604 Quid
421 3530 526 3609 refert,
541 3530 590 3594 uri
605 3529 714 3615 virgis,
729 3530 870 3616 ferroque
884 3531 986 3596 necari

317 3633 504 3697 Auctoratus
519 3653 590 3706 eas;
614 3654 654 3696 an
670 3633 753 3718 turpi
768 3633 890 3699 clausus
906 3633 937 3696 in
953 3655 1036 3710 arca,

318 3733 389 3810 Quo
404 3745 436 3796 te
451 3733 576 3798 demisit
589 3734 708 3819 peccati
723 3736 845 3802 conscia
859 3735 966 3801 herilis
1268 3732 1314 3798 60

318 3836 532 3912 Contractum,
547 3836 678 3919 genibus
694 3850 803 3922 tangas
818 3841 935 3924 caput?
980 3839 1081 3903 Estne
1095 3837 1208 3902 morito

317 3936 473 3999 Metrcnae
488 3935 643 4021 peccantis
657 3936 689 3999 in
705 3938 796 4000 ambo
803 3938 890 4021 justa
903 3943 1064 4023 potestas?

319 4039 359 4102 In
375 4050 583 4121 corruptorem
600 4037 650 4102 vel
660 4038 794 4122 justior:
820 4039 874 4104 ills
889 4055 990 4107 tamen
1007 4066 1039 4107 se

318 4141 392 4204 Nou
406 4138 519 4204 habitu
533 4152 672 4233 mutatve
688 4139 766 4216 loco,
783 4156 926 4223 peccatve
942 4165 1086 4227 superne,
