<?xml version="1.0" encoding="UTF-8"?>
<!DOCTYPE html PUBLIC "-//W3C//DTD XHTML 1.0 Transitional//EN"
    "http://www.w3.org/TR/xhtml1/DTD/xhtml1-transitional.dtd">
<html xmlns="http://www.w3.org/1999/xhtml" xml:lang="en" lang="en">
 <head>
  <title>
</title>
<meta http-equiv="Content-Type" content="text/html;charset=utf-8" />
  <meta name='ocr-system' content='tesseract 3.04.00' />
  <meta name='ocr-capabilities' content='ocr_page ocr_carea ocr_par ocr_line ocrx_word'/>
</head>
<body>
  <div class='ocr_page' id='page_1' title='image "./horatiusrestitu00tategoog_0315.png"; bbox 0 0 2872 5010; ppageno 0'>
   <div class='ocr_carea' id='block_1_1' title="bbox 668 494 1018 543">
    <p class='ocr_par' dir='ltr' id='par_1_1' title="bbox 668 494 1018 543">
     <span class='ocr_line' id='line_1_1' title="bbox 668 494 1018 543; baseline 0.009 -7"><span class='ocrx_word' id='word_1_1' title='bbox 668 500 698 543; x_wconf 73' lang='lat' dir='ltr'><strong>Q.</strong></span> <span class='ocrx_word' id='word_1_2' title='bbox 723 494 869 539; x_wconf 68' lang='lat' dir='ltr'><strong>nonnil</strong></span> <span class='ocrx_word' id='word_1_3' title='bbox 895 496 1018 540; x_wconf 71' lang='lat' dir='ltr'><strong>mccl</strong></span> 
     </span>
    </p>
   </div>
   <div class='ocr_carea' id='block_1_2' title="bbox 644 644 1241 766">
    <p class='ocr_par' dir='ltr' id='par_1_2' title="bbox 644 644 1241 766">
     <span class='ocr_line' id='line_1_2' title="bbox 644 644 1241 766; baseline -0.002 -14"><span class='ocrx_word' id='word_1_4' title='bbox 644 689 741 753; x_wconf 85' lang='lat' dir='ltr'>xv1.</span> <span class='ocrx_word' id='word_1_5' title='bbox 787 687 1028 766; x_wconf 74' lang='lat' dir='ltr'><strong>(usrauuvr.)</strong></span> <span class='ocrx_word' id='word_1_6' title='bbox 1120 676 1137 691; x_wconf 73' lang='grc'><strong>”</strong></span> <span class='ocrx_word' id='word_1_7' title='bbox 1179 644 1184 651; x_wconf 90' lang='lat'><strong>·</strong></span> <span class='ocrx_word' id='word_1_8' title='bbox 1220 666 1241 679; x_wconf 30' lang='grc' dir='ltr'>Η</span> 
     </span>
    </p>
   </div>
   <div class='ocr_carea' id='block_1_3' title="bbox 622 878 1059 924">
    <p class='ocr_par' dir='ltr' id='par_1_3' title="bbox 622 878 1059 924">
     <span class='ocr_line' id='line_1_3' title="bbox 622 878 1059 924; baseline -0.002 -2"><span class='ocrx_word' id='word_1_9' title='bbox 622 882 668 923; x_wconf 77' lang='lat' dir='ltr'><strong>An</strong></span> <span class='ocrx_word' id='word_1_10' title='bbox 692 880 847 924; x_wconf 69' lang='lat' dir='ltr'>POPULUM</span> <span class='ocrx_word' id='word_1_11' title='bbox 873 878 1059 922; x_wconf 63' lang='lat' dir='ltr'><strong>ROMANUN.</strong></span> 
     </span>
    </p>
   </div>
   <div class='ocr_carea' id='block_1_4' title="bbox 304 1027 1342 4273">
    <p class='ocr_par' dir='ltr' id='par_1_4' title="bbox 383 1027 1106 1216">
     <span class='ocr_line' id='line_1_4' title="bbox 383 1027 1106 1114; baseline 0.001 -20"><span class='ocrx_word' id='word_1_12' title='bbox 383 1034 531 1095; x_wconf 76' lang='lat' dir='ltr'><strong>Atreus</strong></span> <span class='ocrx_word' id='word_1_13' title='bbox 541 1031 608 1114; x_wconf 90' lang='lat' dir='ltr'><strong>jam</strong></span> <span class='ocrx_word' id='word_1_14' title='bbox 625 1030 735 1094; x_wconf 86' lang='lat' dir='ltr'><strong>teritur</strong></span> <span class='ocrx_word' id='word_1_15' title='bbox 750 1030 841 1094; x_wconf 83' lang='lat' dir='ltr'><strong>bellis</strong></span> <span class='ocrx_word' id='word_1_16' title='bbox 858 1027 1003 1094; x_wconf 81' lang='lat' dir='ltr'><strong>civilibus</strong></span> <span class='ocrx_word' id='word_1_17' title='bbox 1016 1044 1106 1107; x_wconf 78' lang='lat' dir='ltr'><strong>retas,</strong></span> 
     </span>
     <span class='ocr_line' id='line_1_5' title="bbox 429 1132 993 1216; baseline 0 -20"><span class='ocrx_word' id='word_1_18' title='bbox 429 1133 501 1196; x_wconf 89' lang='lat' dir='ltr'><strong>Suis</strong></span> <span class='ocrx_word' id='word_1_19' title='bbox 516 1145 548 1196; x_wconf 92' lang='lat' dir='ltr'><strong>et</strong></span> <span class='ocrx_word' id='word_1_20' title='bbox 563 1133 630 1216; x_wconf 84' lang='lat' dir='ltr'><strong>ipsa</strong></span> <span class='ocrx_word' id='word_1_21' title='bbox 647 1133 749 1196; x_wconf 85' lang='lat' dir='ltr'><strong>Roma</strong></span> <span class='ocrx_word' id='word_1_22' title='bbox 765 1133 883 1196; x_wconf 81' lang='lat' dir='ltr'><strong>viribus</strong></span> <span class='ocrx_word' id='word_1_23' title='bbox 897 1132 993 1196; x_wconf 66' lang='lat' dir='ltr'><strong>ruit--</strong></span> 
     </span>
    </p>

    <p class='ocr_par' dir='ltr' id='par_1_5' title="bbox 386 1233 1197 1411">
     <span class='ocr_line' id='line_1_6' title="bbox 386 1233 1197 1320; baseline -0.002 -21"><span class='ocrx_word' id='word_1_24' title='bbox 386 1238 487 1314; x_wconf 83' lang='lat' dir='ltr'><strong>Quam</strong></span> <span class='ocrx_word' id='word_1_25' title='bbox 503 1257 604 1320; x_wconf 90' lang='lat' dir='ltr'><strong>neque</strong></span> <span class='ocrx_word' id='word_1_26' title='bbox 619 1233 743 1297; x_wconf 84' lang='lat' dir='ltr'><strong>finitimi</strong></span> <span class='ocrx_word' id='word_1_27' title='bbox 763 1233 927 1297; x_wconf 87' lang='lat' dir='ltr'><strong>valuerunt</strong></span> <span class='ocrx_word' id='word_1_28' title='bbox 941 1233 1069 1318; x_wconf 80' lang='lat' dir='ltr'>perdere</span> <span class='ocrx_word' id='word_1_29' title='bbox 1085 1233 1197 1311; x_wconf 78' lang='lat' dir='ltr'><strong>Marsi,</strong></span> 
     </span>
     <span class='ocr_line' id='line_1_7' title="bbox 429 1336 1085 1411; baseline -0.003 -11"><span class='ocrx_word' id='word_1_30' title='bbox 429 1336 568 1400; x_wconf 88' lang='lat' dir='ltr'><strong>Minacis</strong></span> <span class='ocrx_word' id='word_1_31' title='bbox 582 1349 636 1400; x_wconf 87' lang='lat' dir='ltr'><strong>aut</strong></span> <span class='ocrx_word' id='word_1_32' title='bbox 652 1338 787 1400; x_wconf 88' lang='lat' dir='ltr'><strong>Etrusca</strong></span> <span class='ocrx_word' id='word_1_33' title='bbox 804 1336 950 1399; x_wconf 70' lang='lat' dir='ltr'><strong>Porsena)</strong></span> <span class='ocrx_word' id='word_1_34' title='bbox 964 1355 1085 1411; x_wconf 82' lang='lat' dir='ltr'><strong>manus,</strong></span> 
     </span>
    </p>

    <p class='ocr_par' dir='ltr' id='par_1_6' title="bbox 387 1438 1342 1626">
     <span class='ocr_line' id='line_1_8' title="bbox 387 1438 1342 1523; baseline 0.004 -22"><span class='ocrx_word' id='word_1_35' title='bbox 387 1438 517 1503; x_wconf 84' lang='lat' dir='ltr'><strong>AEmula</strong></span> <span class='ocrx_word' id='word_1_36' title='bbox 530 1460 587 1502; x_wconf 90' lang='lat' dir='ltr'><strong>uec</strong></span> <span class='ocrx_word' id='word_1_37' title='bbox 603 1438 701 1501; x_wconf 83' lang='lat' dir='ltr'><strong>virtus</strong></span> <span class='ocrx_word' id='word_1_38' title='bbox 717 1438 846 1523; x_wconf 80' lang='lat' dir='ltr'><strong>Capuae,</strong></span> <span class='ocrx_word' id='word_1_39' title='bbox 861 1459 918 1500; x_wconf 90' lang='lat' dir='ltr'><strong>uec</strong></span> <span class='ocrx_word' id='word_1_40' title='bbox 934 1439 1100 1522; x_wconf 76' lang='lat' dir='ltr'><strong>Spartacus</strong></span> <span class='ocrx_word' id='word_1_41' title='bbox 1114 1458 1195 1515; x_wconf 84' lang='lat' dir='ltr'><strong>aner,</strong></span> <span class='ocrx_word' id='word_1_42' title='bbox 1320 1444 1342 1505; x_wconf 80' lang='lat'><strong>5</strong></span> 
     </span>
     <span class='ocr_line' id='line_1_9' title="bbox 430 1539 1032 1626; baseline -0.005 -22"><span class='ocrx_word' id='word_1_43' title='bbox 430 1541 590 1626; x_wconf 84' lang='lat' dir='ltr'><strong>Novisque</strong></span> <span class='ocrx_word' id='word_1_44' title='bbox 604 1540 696 1604; x_wconf 87' lang='lat' dir='ltr'><strong>rebus</strong></span> <span class='ocrx_word' id='word_1_45' title='bbox 711 1539 847 1605; x_wconf 87' lang='lat' dir='ltr'><strong>infidelis</strong></span> <span class='ocrx_word' id='word_1_46' title='bbox 862 1539 1010 1603; x_wconf 83' lang='lat' dir='ltr'><strong>Allobrox</strong></span> <span class='ocrx_word' id='word_1_47' title='bbox 1022 1566 1032 1613; x_wconf 71' lang='grc' dir='ltr'><strong>ς</strong></span> 
     </span>
    </p>

    <p class='ocr_par' dir='ltr' id='par_1_7' title="bbox 386 1642 1236 1829">
     <span class='ocr_line' id='line_1_10' title="bbox 386 1642 1236 1726; baseline -0.001 -19"><span class='ocrx_word' id='word_1_48' title='bbox 386 1645 454 1707; x_wconf 90' lang='lat' dir='ltr'><strong>Nec</strong></span> <span class='ocrx_word' id='word_1_49' title='bbox 469 1642 534 1707; x_wconf 83' lang='lat' dir='ltr'><strong>fera</strong></span> <span class='ocrx_word' id='word_1_50' title='bbox 548 1642 683 1707; x_wconf 86' lang='lat' dir='ltr'><strong>eoerulea</strong></span> <span class='ocrx_word' id='word_1_51' title='bbox 697 1642 818 1706; x_wconf 89' lang='lat' dir='ltr'><strong>domuit</strong></span> <span class='ocrx_word' id='word_1_52' title='bbox 834 1642 1004 1707; x_wconf 73' lang='lat' dir='ltr'><strong>Germania</strong></span> <span class='ocrx_word' id='word_1_53' title='bbox 1018 1643 1110 1726; x_wconf 90' lang='lat' dir='ltr'><strong>pube,</strong></span> <span class='ocrx_word' id='word_1_54' title='bbox 1230 1716 1236 1723; x_wconf 25' lang='grc' dir='ltr'>Ι</span> 
     </span>
     <span class='ocr_line' id='line_1_11' title="bbox 428 1743 1106 1829; baseline -0.004 -20"><span class='ocrx_word' id='word_1_55' title='bbox 428 1745 675 1829; x_wconf 87' lang='lat' dir='ltr'><strong>Parentibusque</strong></span> <span class='ocrx_word' id='word_1_56' title='bbox 691 1743 889 1808; x_wconf 83' lang='lat' dir='ltr'><strong>abominatus</strong></span> <span class='ocrx_word' id='word_1_57' title='bbox 905 1743 1106 1817; x_wconf 69' lang='lat' dir='ltr'><strong>Annibah-</strong></span> 
     </span>
    </p>

    <p class='ocr_par' dir='ltr' id='par_1_8' title="bbox 387 1843 1342 2030">
     <span class='ocr_line' id='line_1_12' title="bbox 387 1843 1076 1932; baseline 0 -22"><span class='ocrx_word' id='word_1_58' title='bbox 387 1843 491 1932; x_wconf 77' lang='lat' dir='ltr'><strong>Impia</strong></span> <span class='ocrx_word' id='word_1_59' title='bbox 505 1847 669 1931; x_wconf 79' lang='lat' dir='ltr'>perdemus</span> <span class='ocrx_word' id='word_1_60' title='bbox 685 1845 790 1910; x_wconf 88' lang='lat' dir='ltr'><strong>devoti</strong></span> <span class='ocrx_word' id='word_1_61' title='bbox 807 1845 967 1929; x_wconf 85' lang='lat' dir='ltr'><strong>sauguinis</strong></span> <span class='ocrx_word' id='word_1_62' title='bbox 981 1859 1076 1917; x_wconf 61' lang='grc' dir='ltr'><strong>κως</strong></span> 
     </span>
     <span class='ocr_line' id='line_1_13' title="bbox 431 1946 1342 2030; baseline 0.002 -19"><span class='ocrx_word' id='word_1_63' title='bbox 431 1948 580 2030; x_wconf 84' lang='lat' dir='ltr'><strong>Ferisque</strong></span> <span class='ocrx_word' id='word_1_64' title='bbox 595 1969 701 2009; x_wconf 88' lang='lat' dir='ltr'><strong>rursus</strong></span> <span class='ocrx_word' id='word_1_65' title='bbox 716 1948 917 2030; x_wconf 79' lang='lat' dir='ltr'><strong>occupabitur</strong></span> <span class='ocrx_word' id='word_1_66' title='bbox 932 1946 1041 2010; x_wconf 87' lang='lat' dir='ltr'><strong>solum.</strong></span> <span class='ocrx_word' id='word_1_67' title='bbox 1296 1951 1342 2013; x_wconf 89' lang='grc'><strong>10</strong></span> 
     </span>
    </p>

    <p class='ocr_par' dir='ltr' id='par_1_9' title="bbox 385 2047 1221 2237">
     <span class='ocr_line' id='line_1_14' title="bbox 385 2047 1221 2126; baseline 0.002 -12"><span class='ocrx_word' id='word_1_68' title='bbox 385 2049 553 2126; x_wconf 85' lang='lat' dir='ltr'><strong>Barbarus,</strong></span> <span class='ocrx_word' id='word_1_69' title='bbox 568 2047 649 2112; x_wconf 90' lang='lat' dir='ltr'><strong>heu!</strong></span> <span class='ocrx_word' id='word_1_70' title='bbox 674 2047 791 2112; x_wconf 90' lang='lat' dir='ltr'><strong>cineres</strong></span> <span class='ocrx_word' id='word_1_71' title='bbox 806 2047 928 2111; x_wconf 80' lang='lat' dir='ltr'><strong>insistet</strong></span> <span class='ocrx_word' id='word_1_72' title='bbox 944 2048 1052 2126; x_wconf 87' lang='lat' dir='ltr'><strong>vietor,</strong></span> <span class='ocrx_word' id='word_1_73' title='bbox 1067 2062 1100 2113; x_wconf 85' lang='lat' dir='ltr'><strong>et</strong></span> <span class='ocrx_word' id='word_1_74' title='bbox 1114 2051 1221 2116; x_wconf 83' lang='lat' dir='ltr'><strong>urbem</strong></span> 
     </span>
     <span class='ocr_line' id='line_1_15' title="bbox 427 2150 1020 2237; baseline -0.002 -22"><span class='ocrx_word' id='word_1_75' title='bbox 427 2152 535 2237; x_wconf 80' lang='lat' dir='ltr'><strong>Eques</strong></span> <span class='ocrx_word' id='word_1_76' title='bbox 550 2162 679 2214; x_wconf 90' lang='lat' dir='ltr'><strong>sonante</strong></span> <span class='ocrx_word' id='word_1_77' title='bbox 694 2150 867 2214; x_wconf 75' lang='lat' dir='ltr'><strong>verberabit</strong></span> <span class='ocrx_word' id='word_1_78' title='bbox 883 2150 1020 2236; x_wconf 76' lang='lat' dir='ltr'><strong>ungula3</strong></span> 
     </span>
    </p>

    <p class='ocr_par' dir='ltr' id='par_1_10' title="bbox 304 2253 1179 2441">
     <span class='ocr_line' id='line_1_16' title="bbox 304 2253 1179 2340; baseline 0.005 -24"><span class='ocrx_word' id='word_1_79' title='bbox 304 2276 307 2283; x_wconf 75' lang='grc'><strong>’</strong></span> <span class='ocrx_word' id='word_1_80' title='bbox 386 2257 527 2340; x_wconf 83' lang='lat' dir='ltr'><strong>Quaeque</strong></span> <span class='ocrx_word' id='word_1_81' title='bbox 541 2265 647 2318; x_wconf 81' lang='lat' dir='ltr'><strong>carent</strong></span> <span class='ocrx_word' id='word_1_82' title='bbox 663 2253 765 2318; x_wconf 83' lang='lat' dir='ltr'><strong>ventis</strong></span> <span class='ocrx_word' id='word_1_83' title='bbox 779 2266 811 2317; x_wconf 88' lang='lat' dir='ltr'><strong>et</strong></span> <span class='ocrx_word' id='word_1_84' title='bbox 827 2254 956 2332; x_wconf 88' lang='lat' dir='ltr'><strong>solibus,</strong></span> <span class='ocrx_word' id='word_1_85' title='bbox 971 2276 1041 2319; x_wconf 88' lang='lat' dir='ltr'><strong>ossa</strong></span> <span class='ocrx_word' id='word_1_86' title='bbox 1055 2254 1179 2332; x_wconf 82' lang='lat' dir='ltr'><strong>Quirini</strong></span> 
     </span>
     <span class='ocr_line' id='line_1_17' title="bbox 431 2354 1015 2441; baseline 0 -20"><span class='ocrx_word' id='word_1_87' title='bbox 431 2354 544 2433; x_wconf 85' lang='lat' dir='ltr'><strong>(Nefas</strong></span> <span class='ocrx_word' id='word_1_88' title='bbox 559 2356 680 2438; x_wconf 85' lang='lat' dir='ltr'><strong>videre)</strong></span> <span class='ocrx_word' id='word_1_89' title='bbox 694 2356 856 2441; x_wconf 80' lang='lat' dir='ltr'><strong>dissipabit</strong></span> <span class='ocrx_word' id='word_1_90' title='bbox 871 2357 1015 2423; x_wconf 85' lang='lat' dir='ltr'><strong>insolens.</strong></span> 
     </span>
    </p>

    <p class='ocr_par' dir='ltr' id='par_1_11' title="bbox 388 2459 1339 2647">
     <span class='ocr_line' id='line_1_18' title="bbox 388 2459 1339 2547; baseline 0.006 -24"><span class='ocrx_word' id='word_1_91' title='bbox 388 2461 494 2537; x_wconf 86' lang='lat' dir='ltr'><strong>Forte,</strong></span> <span class='ocrx_word' id='word_1_92' title='bbox 509 2459 585 2545; x_wconf 90' lang='lat' dir='ltr'><strong>quid</strong></span> <span class='ocrx_word' id='word_1_93' title='bbox 599 2460 754 2544; x_wconf 85' lang='lat' dir='ltr'><strong>expediat,</strong></span> <span class='ocrx_word' id='word_1_94' title='bbox 769 2461 983 2539; x_wconf 87' lang='lat' dir='ltr'><strong>communiter,</strong></span> <span class='ocrx_word' id='word_1_95' title='bbox 999 2475 1054 2527; x_wconf 86' lang='lat' dir='ltr'><strong>aut</strong></span> <span class='ocrx_word' id='word_1_96' title='bbox 1067 2461 1175 2527; x_wconf 89' lang='lat' dir='ltr'><strong>melior</strong></span> <span class='ocrx_word' id='word_1_97' title='bbox 1188 2483 1271 2547; x_wconf 81' lang='lat' dir='ltr'><strong>pora,</strong></span> <span class='ocrx_word' id='word_1_98' title='bbox 1294 2464 1339 2529; x_wconf 82' lang='lat' dir='ltr'><strong>lt</strong></span> 
     </span>
     <span class='ocr_line' id='line_1_19' title="bbox 430 2560 979 2647; baseline 0.007 -23"><span class='ocrx_word' id='word_1_99' title='bbox 430 2560 528 2625; x_wconf 87' lang='lat' dir='ltr'><strong>Molis</strong></span> <span class='ocrx_word' id='word_1_100' title='bbox 542 2583 644 2625; x_wconf 82' lang='lat' dir='ltr'><strong>carere</strong></span> <span class='ocrx_word' id='word_1_101' title='bbox 659 2562 798 2647; x_wconf 79' lang='lat' dir='ltr'><strong>quaeritis</strong></span> <span class='ocrx_word' id='word_1_102' title='bbox 814 2563 979 2630; x_wconf 80' lang='lat' dir='ltr'><strong>laboribus.</strong></span> 
     </span>
    </p>

    <p class='ocr_par' dir='ltr' id='par_1_12' title="bbox 386 2661 1147 2847">
     <span class='ocr_line' id='line_1_20' title="bbox 386 2661 1147 2748; baseline 0.007 -22"><span class='ocrx_word' id='word_1_103' title='bbox 386 2662 485 2726; x_wconf 88' lang='lat' dir='ltr'><strong>Nulla</strong></span> <span class='ocrx_word' id='word_1_104' title='bbox 500 2661 615 2727; x_wconf 81' lang='lat' dir='ltr'><strong>sithoc</strong></span> <span class='ocrx_word' id='word_1_105' title='bbox 629 2664 731 2748; x_wconf 92' lang='lat' dir='ltr'><strong>potior</strong></span> <span class='ocrx_word' id='word_1_106' title='bbox 747 2666 918 2729; x_wconf 88' lang='lat' dir='ltr'><strong>sententia:</strong></span> <span class='ocrx_word' id='word_1_107' title='bbox 944 2665 1147 2731; x_wconf 85' lang='lat' dir='ltr'><strong>Pbocaeorum</strong></span> 
     </span>
     <span class='ocr_line' id='line_1_21' title="bbox 429 2762 973 2847; baseline 0.009 -22"><span class='ocrx_word' id='word_1_108' title='bbox 429 2762 525 2826; x_wconf 89' lang='lat' dir='ltr'><strong>Velut</strong></span> <span class='ocrx_word' id='word_1_109' title='bbox 539 2762 677 2847; x_wconf 83' lang='lat' dir='ltr'><strong>profugit</strong></span> <span class='ocrx_word' id='word_1_110' title='bbox 691 2779 848 2828; x_wconf 79' lang='lat' dir='ltr'><strong>exsecrate</strong></span> <span class='ocrx_word' id='word_1_111' title='bbox 862 2765 973 2830; x_wconf 83' lang='lat' dir='ltr'><strong>civitas</strong></span> 
     </span>
    </p>

    <p class='ocr_par' dir='ltr' id='par_1_13' title="bbox 386 2865 1341 3052">
     <span class='ocr_line' id='line_1_22' title="bbox 386 2865 1178 2951; baseline 0.009 -23"><span class='ocrx_word' id='word_1_112' title='bbox 386 2868 487 2950; x_wconf 81' lang='lat' dir='ltr'><strong>Agros</strong></span> <span class='ocrx_word' id='word_1_113' title='bbox 501 2877 593 2948; x_wconf 83' lang='lat' dir='ltr'><strong>atque</strong></span> <span class='ocrx_word' id='word_1_114' title='bbox 609 2865 707 2928; x_wconf 85' lang='lat' dir='ltr'><strong>Lares</strong></span> <span class='ocrx_word' id='word_1_115' title='bbox 722 2865 849 2948; x_wconf 86' lang='lat' dir='ltr'><strong>patrios,</strong></span> <span class='ocrx_word' id='word_1_116' title='bbox 864 2865 1092 2951; x_wconf 82' lang='lat' dir='ltr'><strong>habitandaque</strong></span> <span class='ocrx_word' id='word_1_117' title='bbox 1105 2870 1178 2935; x_wconf 78' lang='lat' dir='ltr'><strong>sana</strong></span> 
     </span>
     <span class='ocr_line' id='line_1_23' title="bbox 427 2965 1341 3052; baseline 0.003 -22"><span class='ocrx_word' id='word_1_118' title='bbox 427 2966 521 3052; x_wconf 83' lang='lat' dir='ltr'><strong>Apris</strong></span> <span class='ocrx_word' id='word_1_119' title='bbox 535 2965 660 3050; x_wconf 87' lang='lat' dir='ltr'><strong>reliquit</strong></span> <span class='ocrx_word' id='word_1_120' title='bbox 674 2979 705 3029; x_wconf 91' lang='lat' dir='ltr'><strong>et</strong></span> <span class='ocrx_word' id='word_1_121' title='bbox 720 2965 881 3049; x_wconf 86' lang='lat' dir='ltr'><strong>rapacibus</strong></span> <span class='ocrx_word' id='word_1_122' title='bbox 890 2966 988 3050; x_wconf 83' lang='lat' dir='ltr'><strong>lupis;</strong></span> <span class='ocrx_word' id='word_1_123' title='bbox 1295 2981 1341 3043; x_wconf 76' lang='lat'><strong>20</strong></span> 
     </span>
    </p>

    <p class='ocr_par' dir='ltr' id='par_1_14' title="bbox 388 3066 1257 3254">
     <span class='ocr_line' id='line_1_24' title="bbox 388 3066 1257 3157; baseline 0.009 -23"><span class='ocrx_word' id='word_1_124' title='bbox 388 3072 441 3136; x_wconf 89' lang='lat' dir='ltr'><strong>Ire</strong></span> <span class='ocrx_word' id='word_1_125' title='bbox 454 3070 549 3156; x_wconf 90' lang='lat' dir='ltr'><strong>pedes</strong></span> <span class='ocrx_word' id='word_1_126' title='bbox 564 3090 747 3155; x_wconf 88' lang='lat' dir='ltr'><strong>quoeunque</strong></span> <span class='ocrx_word' id='word_1_127' title='bbox 762 3066 872 3145; x_wconf 82' lang='lat' dir='ltr'><strong>ferent,</strong></span> <span class='ocrx_word' id='word_1_128' title='bbox 887 3089 1071 3155; x_wconf 87' lang='lat' dir='ltr'><strong>quocunque</strong></span> <span class='ocrx_word' id='word_1_129' title='bbox 1085 3093 1142 3157; x_wconf 87' lang='lat' dir='ltr'><strong>per</strong></span> <span class='ocrx_word' id='word_1_130' title='bbox 1157 3076 1257 3142; x_wconf 89' lang='lat' dir='ltr'><strong>nudas</strong></span> 
     </span>
     <span class='ocr_line' id='line_1_25' title="bbox 430 3170 1076 3254; baseline 0.003 -17"><span class='ocrx_word' id='word_1_131' title='bbox 430 3173 533 3237; x_wconf 89' lang='lat' dir='ltr'><strong>Notus</strong></span> <span class='ocrx_word' id='word_1_132' title='bbox 547 3170 681 3250; x_wconf 81' lang='lat' dir='ltr'><strong>vocabit,</strong></span> <span class='ocrx_word' id='word_1_133' title='bbox 697 3183 751 3234; x_wconf 87' lang='lat' dir='ltr'><strong>aut</strong></span> <span class='ocrx_word' id='word_1_134' title='bbox 766 3181 927 3254; x_wconf 81' lang='lat' dir='ltr'><strong>protervus</strong></span> <span class='ocrx_word' id='word_1_135' title='bbox 942 3171 1076 3241; x_wconf 81' lang='lat' dir='ltr'><strong>Africus.</strong></span> 
     </span>
    </p>

    <p class='ocr_par' dir='ltr' id='par_1_15' title="bbox 387 3272 1288 3459">
     <span class='ocr_line' id='line_1_26' title="bbox 387 3272 1288 3360; baseline 0.009 -20"><span class='ocrx_word' id='word_1_136' title='bbox 387 3275 439 3340; x_wconf 84' lang='lat' dir='ltr'><strong>sic</strong></span> <span class='ocrx_word' id='word_1_137' title='bbox 453 3275 578 3360; x_wconf 80' lang='lat' dir='ltr'><strong>placet?</strong></span> <span class='ocrx_word' id='word_1_138' title='bbox 600 3295 641 3339; x_wconf 85' lang='lat' dir='ltr'><strong>an</strong></span> <span class='ocrx_word' id='word_1_139' title='bbox 655 3273 766 3337; x_wconf 89' lang='lat' dir='ltr'><strong>melius</strong></span> <span class='ocrx_word' id='word_1_140' title='bbox 780 3272 850 3357; x_wconf 89' lang='lat' dir='ltr'><strong>quis</strong></span> <span class='ocrx_word' id='word_1_141' title='bbox 864 3272 960 3340; x_wconf 87' lang='lat' dir='ltr'><strong>babet</strong></span> <span class='ocrx_word' id='word_1_142' title='bbox 975 3277 1128 3344; x_wconf 82' lang='lat' dir='ltr'><strong>sundere?</strong></span> <span class='ocrx_word' id='word_1_143' title='bbox 1151 3283 1288 3349; x_wconf 81' lang='lat' dir='ltr'><strong>secunda</strong></span> 
     </span>
     <span class='ocr_line' id='line_1_27' title="bbox 427 3373 1078 3459; baseline 0.008 -19"><span class='ocrx_word' id='word_1_144' title='bbox 427 3377 543 3440; x_wconf 88' lang='lat' dir='ltr'><strong>Ratem</strong></span> <span class='ocrx_word' id='word_1_145' title='bbox 558 3395 708 3459; x_wconf 85' lang='lat' dir='ltr'><strong>occupare</strong></span> <span class='ocrx_word' id='word_1_146' title='bbox 721 3373 797 3458; x_wconf 90' lang='lat' dir='ltr'><strong>quid</strong></span> <span class='ocrx_word' id='word_1_147' title='bbox 812 3394 966 3441; x_wconf 88' lang='lat' dir='ltr'><strong>moramur</strong></span> <span class='ocrx_word' id='word_1_148' title='bbox 980 3379 1078 3445; x_wconf 83' lang='lat' dir='ltr'><strong>alite?</strong></span> 
     </span>
    </p>

    <p class='ocr_par' dir='ltr' id='par_1_16' title="bbox 387 3475 1337 3659">
     <span class='ocr_line' id='line_1_28' title="bbox 387 3475 1337 3561; baseline 0.013 -19"><span class='ocrx_word' id='word_1_149' title='bbox 387 3478 450 3542; x_wconf 87' lang='lat' dir='ltr'><strong>Sed</strong></span> <span class='ocrx_word' id='word_1_150' title='bbox 459 3477 601 3561; x_wconf 89' lang='lat' dir='ltr'><strong>juremus</strong></span> <span class='ocrx_word' id='word_1_151' title='bbox 615 3477 648 3542; x_wconf 90' lang='lat' dir='ltr'><strong>in</strong></span> <span class='ocrx_word' id='word_1_152' title='bbox 662 3476 747 3540; x_wconf 86' lang='lat' dir='ltr'><strong>baec:</strong></span> <span class='ocrx_word' id='word_1_153' title='bbox 774 3475 874 3540; x_wconf 92' lang='lat' dir='ltr'><strong>Simul</strong></span> <span class='ocrx_word' id='word_1_154' title='bbox 888 3479 959 3543; x_wconf 90' lang='lat' dir='ltr'><strong>imis</strong></span> <span class='ocrx_word' id='word_1_155' title='bbox 974 3502 1050 3547; x_wconf 85' lang='lat' dir='ltr'><strong>saxa</strong></span> <span class='ocrx_word' id='word_1_156' title='bbox 1064 3481 1203 3551; x_wconf 74' lang='lat' dir='ltr'><strong>rendrint</strong></span> <span class='ocrx_word' id='word_1_157' title='bbox 1293 3491 1337 3554; x_wconf 76' lang='lat'><strong>25</strong></span> 
     </span>
     <span class='ocr_line' id='line_1_29' title="bbox 428 3579 990 3659; baseline 0.009 -16"><span class='ocrx_word' id='word_1_158' title='bbox 428 3579 526 3644; x_wconf 85' lang='lat' dir='ltr'><strong>Vadis</strong></span> <span class='ocrx_word' id='word_1_159' title='bbox 540 3580 654 3659; x_wconf 85' lang='lat' dir='ltr'><strong>levata,</strong></span> <span class='ocrx_word' id='word_1_160' title='bbox 669 3600 709 3642; x_wconf 92' lang='lat' dir='ltr'><strong>ue</strong></span> <span class='ocrx_word' id='word_1_161' title='bbox 723 3579 823 3643; x_wconf 89' lang='lat' dir='ltr'><strong>redire</strong></span> <span class='ocrx_word' id='word_1_162' title='bbox 838 3580 878 3646; x_wconf 84' lang='lat' dir='ltr'><strong>sit</strong></span> <span class='ocrx_word' id='word_1_163' title='bbox 892 3583 990 3658; x_wconf 81' lang='lat' dir='ltr'><strong>nefas,</strong></span> 
     </span>
    </p>

    <p class='ocr_par' dir='ltr' id='par_1_17' title="bbox 386 3682 1233 3868">
     <span class='ocr_line' id='line_1_30' title="bbox 386 3682 1233 3775; baseline 0.014 -29"><span class='ocrx_word' id='word_1_164' title='bbox 386 3682 460 3746; x_wconf 90' lang='lat' dir='ltr'><strong>Neu</strong></span> <span class='ocrx_word' id='word_1_165' title='bbox 473 3702 621 3746; x_wconf 81' lang='lat' dir='ltr'><strong>conversa</strong></span> <span class='ocrx_word' id='word_1_166' title='bbox 635 3682 761 3747; x_wconf 85' lang='lat' dir='ltr'><strong>domurn</strong></span> <span class='ocrx_word' id='word_1_167' title='bbox 777 3683 882 3769; x_wconf 81' lang='lat' dir='ltr'><strong>pigeat</strong></span> <span class='ocrx_word' id='word_1_168' title='bbox 896 3687 971 3752; x_wconf 85' lang='lat' dir='ltr'><strong>dare</strong></span> <span class='ocrx_word' id='word_1_169' title='bbox 986 3687 1092 3768; x_wconf 87' lang='lat' dir='ltr'><strong>lintea,</strong></span> <span class='ocrx_word' id='word_1_170' title='bbox 1107 3693 1233 3775; x_wconf 83' lang='lat' dir='ltr'><strong>quando</strong></span> 
     </span>
     <span class='ocr_line' id='line_1_31' title="bbox 431 3783 992 3868; baseline 0.016 -22"><span class='ocrx_word' id='word_1_171' title='bbox 431 3783 538 3847; x_wconf 86' lang='lat' dir='ltr'><strong>Pndus</strong></span> <span class='ocrx_word' id='word_1_172' title='bbox 554 3783 679 3848; x_wconf 85' lang='lat' dir='ltr'><strong>Matina</strong></span> <span class='ocrx_word' id='word_1_173' title='bbox 695 3786 804 3851; x_wconf 86' lang='lat' dir='ltr'><strong>laverit</strong></span> <span class='ocrx_word' id='word_1_174' title='bbox 820 3790 992 3868; x_wconf 86' lang='lat' dir='ltr'><strong>eacumina,</strong></span> 
     </span>
    </p>

    <p class='ocr_par' dir='ltr' id='par_1_18' title="bbox 387 3886 1338 4075">
     <span class='ocr_line' id='line_1_32' title="bbox 387 3886 1146 3978; baseline 0.009 -28"><span class='ocrx_word' id='word_1_175' title='bbox 387 3887 427 3950; x_wconf 91' lang='lat' dir='ltr'><strong>In</strong></span> <span class='ocrx_word' id='word_1_176' title='bbox 442 3907 526 3950; x_wconf 87' lang='lat' dir='ltr'><strong>mare</strong></span> <span class='ocrx_word' id='word_1_177' title='bbox 540 3907 595 3950; x_wconf 90' lang='lat' dir='ltr'><strong>seu</strong></span> <span class='ocrx_word' id='word_1_178' title='bbox 609 3886 710 3950; x_wconf 90' lang='lat' dir='ltr'><strong>celsus</strong></span> <span class='ocrx_word' id='word_1_179' title='bbox 724 3892 910 3972; x_wconf 86' lang='lat' dir='ltr'><strong>procurrerit</strong></span> <span class='ocrx_word' id='word_1_180' title='bbox 924 3894 1146 3978; x_wconf 88' lang='lat' dir='ltr'><strong>Appenninus,</strong></span> 
     </span>
     <span class='ocr_line' id='line_1_33' title="bbox 431 3989 1338 4075; baseline 0.008 -22"><span class='ocrx_word' id='word_1_181' title='bbox 431 3989 584 4075; x_wconf 83' lang='lat' dir='ltr'><strong>Novoque</strong></span> <span class='ocrx_word' id='word_1_182' title='bbox 597 4002 734 4053; x_wconf 88' lang='lat' dir='ltr'><strong>monstra</strong></span> <span class='ocrx_word' id='word_1_183' title='bbox 743 3991 888 4074; x_wconf 86' lang='lat' dir='ltr'><strong>junxerit</strong></span> <span class='ocrx_word' id='word_1_184' title='bbox 902 3992 1031 4058; x_wconf 87' lang='lat' dir='ltr'><strong>libidine</strong></span> <span class='ocrx_word' id='word_1_185' title='bbox 1294 4005 1338 4068; x_wconf 82' lang='lat'><strong>30</strong></span> 
     </span>
    </p>

    <p class='ocr_par' dir='ltr' id='par_1_19' title="bbox 387 4092 1161 4273">
     <span class='ocr_line' id='line_1_34' title="bbox 387 4092 1161 4177; baseline 0.009 -20"><span class='ocrx_word' id='word_1_186' title='bbox 387 4092 491 4157; x_wconf 87' lang='lat' dir='ltr'><strong>Mirus</strong></span> <span class='ocrx_word' id='word_1_187' title='bbox 506 4112 603 4171; x_wconf 86' lang='lat' dir='ltr'><strong>amor,</strong></span> <span class='ocrx_word' id='word_1_188' title='bbox 613 4092 705 4176; x_wconf 87' lang='lat' dir='ltr'><strong>juvet</strong></span> <span class='ocrx_word' id='word_1_189' title='bbox 720 4106 755 4156; x_wconf 91' lang='lat' dir='ltr'><strong>ut</strong></span> <span class='ocrx_word' id='word_1_190' title='bbox 770 4093 864 4177; x_wconf 83' lang='lat' dir='ltr'><strong>tigres</strong></span> <span class='ocrx_word' id='word_1_191' title='bbox 880 4094 1037 4161; x_wconf 85' lang='lat' dir='ltr'><strong>subsidere</strong></span> <span class='ocrx_word' id='word_1_192' title='bbox 1052 4100 1161 4177; x_wconf 87' lang='lat' dir='ltr'><strong>cervis,</strong></span> 
     </span>
     <span class='ocr_line' id='line_1_35' title="bbox 429 4193 958 4273; baseline 0.002 -14"><span class='ocrx_word' id='word_1_193' title='bbox 429 4193 635 4259; x_wconf 89' lang='lat' dir='ltr'><strong>Adulteretur</strong></span> <span class='ocrx_word' id='word_1_194' title='bbox 649 4208 681 4259; x_wconf 82' lang='lat' dir='ltr'><strong>et</strong></span> <span class='ocrx_word' id='word_1_195' title='bbox 695 4195 837 4260; x_wconf 86' lang='lat' dir='ltr'><strong>columba</strong></span> <span class='ocrx_word' id='word_1_196' title='bbox 851 4196 958 4273; x_wconf 71' lang='lat' dir='ltr'><strong>milito,</strong></span> 
     </span>
    </p>
   </div>
   <div class='ocr_carea' id='block_1_5' title="bbox 0 0 1442 5010">
    <p class='ocr_par' dir='ltr' id='par_1_20' title="bbox 0 0 1442 5010">
     <span class='ocr_line' id='line_1_36' title="bbox 0 0 1442 5010; baseline 0 0"><span class='ocrx_word' id='word_1_197' title='bbox 0 0 1442 5010; x_wconf 95' lang='lat' dir='ltr'><strong> </strong></span> 
     </span>
    </p>
   </div>
  </div>
 </body>
</html>
