2872 5010
483 491 724 533 urrsrouanonr
743 491 809 534 um.
827 493 849 533 1.
866 471 897 532 l.
1134 469 1197 541 169

203 655 308 738 AEque
320 653 508 737 pauperibus
523 654 659 736 prodest,
675 654 880 738 locupletibus
896 676 993 740 reque,
1154 658 1197 721 25

205 756 309 840 AEque
323 754 497 839 neglectum
514 757 618 840 pueris
633 753 818 845 senibusque
832 756 964 822 nocebit.

202 858 315 919 Restat
330 868 365 917 ut
380 853 429 917 his
444 877 502 940 ego
517 876 566 918 me
582 855 647 939 ipse
662 878 765 941 regam
782 856 922 940 solerque
936 855 1109 919 elementis:

202 952 274 1013 Non
290 950 387 1035 possis
402 952 490 1014 oculo
506 966 654 1038 quantum
671 955 855 1017 contendere
872 953 1030 1038 Lynceus,

202 1049 274 1111 Non
291 1062 392 1111 tamen
408 1048 522 1113 idcirco
537 1065 715 1114 contemnas
730 1051 834 1135 lippus
848 1051 1001 1136 inungui;

202 1146 280 1222 Nec,
296 1147 368 1230 quia
383 1147 524 1231 desperes
539 1148 647 1213 invicti
663 1151 799 1214 membra
815 1151 977 1235 Glyconis,

202 1245 330 1309 Nodosa
345 1268 456 1330 corpus
470 1246 550 1310 nolis
565 1247 728 1331 prohibere
743 1247 903 1333 cheragra.

202 1343 262 1404 Est
275 1343 409 1426 quadam
425 1344 548 1427 prodire
563 1358 665 1422 tenus,
681 1345 783 1408 sinon
799 1347 891 1408 datur
906 1347 998 1410 ultra.
1077 1415 1079 1421 ,

202 1444 317 1508 Fervet
332 1445 462 1509 avaritia
476 1445 648 1529 miseroque
664 1446 809 1529 cupidine
824 1460 932 1530 pectus
942 1441 971 1507 ?'·

203 1546 284 1608 Sunt
299 1546 392 1610 verba
407 1559 438 1609 et
453 1568 554 1623 voces,
570 1547 682 1630 quibus
696 1546 781 1610 hunc
795 1547 891 1609 lenire
906 1545 1041 1613 dolorem

202 1647 319 1724 Possis,
336 1661 367 1711 et
382 1669 525 1732 magnam
542 1648 641 1711 morbi
657 1649 810 1732 deponere
825 1663 953 1733 partem.

204 1750 323 1814 Laudis
339 1772 442 1814 amore
458 1753 579 1813 tumes?
602 1765 675 1813 sunt
690 1765 773 1814 certa
788 1751 922 1834 piacula,
938 1772 1008 1836 quae
1024 1765 1055 1816 te

203 1854 270 1916 Ter
284 1874 360 1936 pure
376 1852 456 1915 lecto
473 1865 617 1937 poterunt
632 1875 768 1916 recreare
783 1853 897 1917 libello.

204 1957 348 2036 Invidus,
364 1954 541 2034 iracundus,
558 1956 649 2032 iners,
667 1955 803 2032 vinosus,
819 1971 946 2037 amator,

203 2061 304 2124 Nemo
319 2060 396 2123 adeo
410 2060 493 2124 ferus
508 2072 554 2123 est
570 2072 604 2122 ut
620 2082 680 2123 non
697 2060 855 2124 mitescere
870 2061 977 2145 possit,

204 2162 237 2225 Si
252 2163 343 2225 modo
357 2162 488 2226 culturae
502 2162 669 2245 patientem
687 2164 861 2227 commodet
875 2186 990 2227 aurem.

202 2264 310 2327 Virtus
326 2276 373 2327 est
387 2263 498 2326 vitium
510 2263 628 2347 fugere,
645 2278 677 2326 et
693 2264 844 2347 sapientia
858 2265 958 2347 prima

205 2367 345 2429 Stultitia
359 2366 503 2428 caruisse.
549 2365 655 2442 Vides,
671 2388 741 2449 quae
758 2366 891 2429 maxima
906 2368 1006 2431 credis

203 2466 284 2528 Esse
299 2464 391 2540 mala,
408 2463 554 2546 exiguum
571 2485 708 2541 censum,
724 2476 907 2548 turpemque
921 2465 1086 2550 repulsam,

204 2569 329 2646 Quanto
344 2567 464 2631 devites
479 2565 582 2629 animo
598 2565 767 2649 capitisque
782 2565 905 2629 labore:

204 2670 343 2753 Impiger
357 2682 508 2732 extremos
524 2668 620 2731 curris
635 2680 786 2732 mercator
799 2669 840 2731 ad
856 2669 964 2745 Indos,

205 2775 267 2837 Per
282 2794 365 2835 marc
379 2771 556 2855 pauperiem
572 2772 706 2855 fugiens,
723 2793 777 2855 per
791 2794 875 2848 saxa,
892 2794 947 2855 per
962 2772 1069 2858 ignca:

205 2876 255 2938 Ne
269 2897 357 2938 cures
372 2896 408 2937 ea
422 2896 492 2958 quae
507 2874 601 2938 stulte
615 2875 735 2939 miraris
751 2887 781 2938 et
797 2889 896 2958 optas,

204 2977 332 3042 Discere
348 2990 379 3041 et
394 2977 500 3041 audire
515 2991 546 3041 et
561 2978 679 3041 meliori
695 2978 818 3042 credere
833 3000 894 3040 non
912 2977 984 3041 visi

206 3081 283 3158 Quis
297 3080 411 3144 circum
426 3102 521 3164 pagos
536 3093 568 3144 et
582 3082 695 3144 circum
713 3079 847 3164 compita
860 3102 999 3163 pugnax,

206 3185 326 3267 Magna
341 3183 478 3246 coronari
494 3195 671 3246 contemnat
686 3182 846 3267 Olympia,
862 3182 912 3245 cui
928 3203 1008 3264 spos,

206 3285 268 3346 Cui
283 3285 324 3347 sit
338 3284 474 3348 conditio
489 3284 589 3347 dulcis
604 3284 671 3348 siue
687 3285 815 3368 pulvere
830 3283 971 3367 palmae?

208 3385 307 3449 Vilius
322 3400 483 3471 argentum
499 3399 545 3450 est
560 3409 646 3460 auro,
662 3387 829 3450 virtutibus
844 3407 963 3450 aurum.

206 3489 235 3552 0
251 3488 344 3566 cives,
361 3490 443 3553 cives
457 3490 624 3574 quaerenda
638 3489 770 3573 pecunia
785 3488 917 3573 primurn
934 3504 991 3565 est,

207 3592 312 3655 Virtus
327 3605 397 3676 post
411 3613 564 3655 nummos.
609 3591 693 3653 Haec
707 3592 730 3653 J
733 3612 810 3653 anus
824 3611 963 3653 summus
977 3591 1017 3654 ab
1032 3591 1094 3654 imo

205 3694 376 3757 Prodocet:
400 3694 471 3755 haec
485 3693 628 3756 recinunt
637 3693 770 3776 juvenes
784 3690 900 3754 dictata
915 3713 1072 3778 senesque,

206 3797 307 3859 Laevo
323 3794 463 3877 suspensi
477 3793 594 3857 loculos
609 3793 805 3880 tabulamque
819 3793 943 3858 lacerto.

206 3901 267 3963 Est
282 3897 403 3962 animus
420 3897 488 3976 tibi,
504 3909 577 3960 sunt
591 3918 701 3975 mores,
717 3909 765 3960 est
779 3895 886 3982 lingua
900 3896 1055 3984 fidesque:

207 3999 270 4062 Sed
284 3995 517 4082 quadringentis
532 4018 595 4074 sex,
612 4009 729 4080 septem
745 3996 842 4061 millia
856 3997 973 4071 desint,

208 4095 308 4159 Plebs
316 4096 384 4159 eris.
429 4098 478 4159 At
492 4095 579 4179 pueri
595 4096 748 4173 ludentes,
765 4097 836 4161 Rex
851 4095 921 4172 cris,
938 4094 1036 4167 aiunt,

208 4194 242 4259 Si
258 4209 340 4259 rccte
354 4193 458 4259 facies.
505 4194 575 4258 Hrc
592 4214 697 4258 murus
713 4193 849 4260 aheneus
864 4205 940 4269 osto,
