2872 5010
449 981 489 1052 Q
513 980 709 1044 IIORATII
732 979 896 1044 FLACCI

347 1135 992 1237 CARMINUMJ

501 1355 626 1414 LIBER
653 1354 844 1414 TERTIUS.

500 1721 596 1784 ODE
621 1721 649 1783 Ι.
695 1718 748 1797 (m.
771 1723 850 1799 xix.)

218 1875 289 1938 Oui
305 1872 467 1958 profanum
483 1872 609 1958 vulgus,
625 1887 656 1938 et
671 1895 769 1937 arceo.

220 1978 339 2040 Favete
353 1974 489 2059 linguis:
513 1975 649 2040 carmina
663 1997 725 2039 non
741 1975 828 2061 prius

260 2077 380 2142 Audito
395 2076 559 2141 Musarum
578 2078 719 2142 sacerdos

307 2178 486 2264 Virginibus
500 2178 665 2264 puerisque
680 2190 781 2243 cnuto.

218 2283 345 2365 Regum
357 2280 561 2343 timendorum
579 2278 611 2342 in
627 2278 767 2364 proprios
781 2302 901 2365 greges,

219 2384 325 2465 Reges
340 2381 372 2444 in
388 2380 470 2465 ipsos
484 2379 648 2465 imperium
659 2394 707 2444 est
722 2382 745 2443 J
747 2381 826 2459 ovis,
949 2421 951 2425 ν

265 2481 351 2547 Clari
368 2480 525 2565 Giganteo
541 2480 710 2566 triumpho,

306 2586 431 2648 Cuncts
445 2581 609 2667 supercilio
623 2582 785 2647 moventis.

219 2689 281 2750 Est
295 2698 332 2749 ut
345 2685 413 2749 viro
422 2684 471 2747 vir
485 2684 579 2748 latius
594 2684 716 2748 ordinet

218 2789 355 2852 Arbusts
369 2785 483 2859 sulcis;
507 2785 560 2849 hic
574 2786 751 2871 generosior

262 2888 441 2954 Descendst
455 2888 488 2951 in
505 2889 658 2973 Campum
674 2889 806 2973 petitor;
823 2886 827 2894 ’

304 2989 449 3053 Moribus
463 2987 516 3053 hic
531 2990 697 3075 meliorque
710 2989 794 3057 sums

219 3095 418 3167 Contendst3
442 3092 497 3156 illu
512 3095 602 3158 turbs
614 3092 775 3156 clientium

220 3196 269 3262 Sit
282 3196 398 3282 major:
422 3191 540 3261 AEuus
554 3195 623 3278 lege
638 3195 814 3259 Necessitas

264 3298 398 3361 Sortitur
412 3296 549 3380 insignes
563 3309 594 3361 et
609 3296 707 3371 imos,;

305 3399 407 3462 Omne
421 3420 518 3484 capax
534 3413 637 3463 movet
652 3420 731 3462 urus
744 3421 866 3463 nomen.

219 3502 389 3567 Districtus
404 3501 485 3565 ensis
500 3500 551 3564 cui
565 3523 657 3585 super
671 3501 767 3585 impis

217 3604 348 3669 Cervice
363 3603 490 3688 pendet,
505 3623 568 3665 non
585 3600 699 3665 Siculae
714 3602 809 3686 dspes

261 3706 395 3770 Dulcem
411 3704 612 3768 elaborabunt
627 3724 764 3786 soporem
778 3728 788 3782 3

304 3808 377 3872 Non
393 3805 497 3871 svium
513 3802 701 3887 eithnraeque
718 3818 825 3870 cnutus

172 3987 176 3996 Ι
219 3912 369 3974 Somnum
385 3906 551 3972 reducent:
575 3927 701 3969 somnus
715 3907 882 3991 agrestium

219 4010 317 4076 Lenis
328 4009 462 4073 virorum
478 4030 540 4071 non
555 4006 689 4073 humiles
704 4009 812 4075 domos

262 4109 411 4187 Fastidit,
426 4112 662 4197 umbrosumque
678 4110 790 4195 ripum,

304 4213 336 4275 N
339 4235 376 4276 ou
390 4211 532 4297 zephyris
544 4214 661 4298 agitata
673 4214 804 4298 Tempe.
