2872 5010
461 470 651 514 cnunruun
675 471 743 513 arn.
770 471 823 513 111.
848 452 878 512 4.

261 624 369 690 Finire
384 635 573 708 quaerentem
589 621 719 700 labores,

305 727 410 793 Pierio
425 724 570 789 recreatis
584 739 685 791 antro·

220 833 283 895 Vos
299 831 368 893 lene
383 826 546 892 consilium
562 839 593 890 et
608 826 702 904 datis,
718 838 748 890 et
763 825 837 888 dato

221 930 377 998 Gaudetis
393 929 495 993 almoe.
541 929 665 993 Scimus
679 942 714 992 ut
729 926 841 1011 impios

264 1034 399 1098 Titanas
415 1032 644 1116 immanemque
659 1045 792 1095 turmam

309 1134 456 1200 Fulmine
471 1134 632 1198 sustulerit
646 1135 776 1211 caduco,

223 1237 287 1316 Qui
303 1250 414 1301 terram
430 1236 572 1313 inertem,
587 1236 641 1322 qui
657 1258 740 1300 mare
755 1247 908 1319 temperat

223 1341 406 1415 Ventosum,
423 1352 454 1402 et
468 1339 573 1415 urbes,
588 1360 745 1423 regnaque
761 1337 873 1415 tristia,

270 1440 444 1525 Divosque,
462 1439 666 1523 mortalesque
683 1439 789 1502 turbas

313 1542 450 1627 Imperio
465 1541 546 1625 regit
562 1563 643 1605 unus
658 1562 759 1625 aequo.

228 1647 385 1728 Magnum
402 1642 457 1705 illa
472 1655 618 1706 terrorem
635 1642 783 1707 intulerat
798 1644 822 1706 J
824 1643 874 1706 ovi

228 1748 347 1811 Fidens
357 1748 508 1830 juventus
522 1743 648 1808 horrida
663 1744 808 1822 brachiis,

274 1850 462 1934 Fratresque
478 1847 641 1911 tendentes
657 1869 753 1933 opaco

315 1950 426 2015 Pelion
441 1949 626 2035 imposuisse
641 1950 788 2036 Olympo.

233 2054 294 2118 Sed
310 2053 386 2139 quid
399 2052 573 2137 Typhoeus
589 2064 620 2117 et
635 2053 757 2118 validus
773 2054 902 2134 Mimas,

230 2159 300 2220 Aut
314 2155 391 2241 quid
402 2154 515 2219 minaci
531 2154 729 2240 Porphyrion
745 2169 841 2235 statu,

276 2260 361 2337 Quid
380 2257 533 2335 Rhoecus,
551 2257 726 2341 evulsisque
742 2259 862 2322 truncis

320 2359 501 2423 Enceladus
510 2358 665 2443 jaculator
680 2359 797 2434 audax,

235 2464 353 2526 Contra
369 2474 528 2524 sonantem
544 2459 683 2524 Palladis
697 2459 800 2544 aegids

236 2565 369 2627 Possent
384 2566 531 2626 ruentes?
555 2561 642 2626 Hinc
657 2561 767 2626 avidus
781 2562 868 2627 stetit

281 2667 449 2745 Vulcanus,
465 2666 540 2731 hinc
556 2679 694 2731 matrona
708 2668 731 2729 J
733 2688 808 2746 uno,
824 2679 856 2730 et

323 2770 491 2853 Nunquam
507 2767 645 2832 humeris
659 2769 819 2853 positurus·
831 2791 947 2848 arcum,

238 2870 300 2948 Qui
315 2893 383 2934 rore
399 2893 477 2956 puro
490 2870 636 2935 Castaliae
649 2871 727 2936 lavit

241 2974 353 3038 Crines
368 2974 497 3052 solutos,
512 2973 566 3060 qui
582 2974 693 3058 Lyciae
708 2989 792 3040 tenet

282 3078 420 3141 Dumeta
436 3077 630 3162 natalemque
644 3077 766 3156 silvam,

322 3179 433 3242 Delius
449 3192 480 3242 et
496 3181 647 3244 Patareus
663 3180 790 3264 Apollo.

237 3283 298 3345 V1s
314 3281 422 3345 consili
437 3304 545 3366 expers
562 3282 642 3346 mole
653 3283 716 3345 ruit
731 3305 805 3347 sua:

244 3383 315 3446 Vim
333 3397 533 3468 temperatam
551 3385 606 3448 Dii
621 3407 743 3471 quoque
758 3385 935 3470 provehunt

286 3487 326 3549 ln
342 3487 463 3572 majus3
488 3488 568 3551 idem
585 3488 678 3551 odere
693 3489 773 3552 vires

331 3584 436 3652 Omne
451 3587 537 3652 nefas
553 3589 655 3652 animo
671 3603 839 3653 moventes.

244 3690 351 3752 Testis
366 3710 503 3752 mearum
519 3689 713 3752 centimanus
729 3690 838 3774 Gyges

246 3790 489 3868 Sententiarum,
505 3803 598 3853 notus
613 3803 645 3854 et
658 3789 788 3876 integre

290 3895 446 3959 Tentator
461 3892 559 3957 Orion
576 3892 701 3973 Dianae,

332 3995 481 4081 Virginea
492 3995 628 4061 domitus
644 3997 767 4083 sagitta.
871 4046 874 4050 ,

250 4098 373 4183 Injects
388 4100 531 4164 monstris
547 4113 628 4165 terra
642 4102 725 4166 dolet
738 4102 820 4175 srris3

249 4202 428 4286 Moeretque
442 4217 549 4287 partus
564 4203 694 4269 fulmine
708 4204 843 4269 luridum
