<?xml version="1.0" encoding="UTF-8"?>
<!DOCTYPE html PUBLIC "-//W3C//DTD XHTML 1.0 Transitional//EN"
    "http://www.w3.org/TR/xhtml1/DTD/xhtml1-transitional.dtd">
<html xmlns="http://www.w3.org/1999/xhtml" xml:lang="en" lang="en">
 <head>
  <title>
</title>
<meta http-equiv="Content-Type" content="text/html;charset=utf-8" />
  <meta name='ocr-system' content='tesseract 3.04.00' />
  <meta name='ocr-capabilities' content='ocr_page ocr_carea ocr_par ocr_line ocrx_word'/>
</head>
<body>
  <div class='ocr_page' id='page_1' title='image "./horatiusrestitu00tategoog_0384.png"; bbox 0 0 2872 5010; ppageno 0'>
   <div class='ocr_carea' id='block_1_1' title="bbox 453 471 877 537">
    <p class='ocr_par' dir='ltr' id='par_1_1' title="bbox 453 471 877 537">
     <span class='ocr_line' id='line_1_1' title="bbox 453 471 877 537; baseline -0.007 -1"><span class='ocrx_word' id='word_1_1' title='bbox 453 491 640 537; x_wconf 78' lang='grc' dir='ltr'><strong>οιιιιιιιιυιι</strong></span> <span class='ocrx_word' id='word_1_2' title='bbox 666 492 734 534; x_wconf 79' lang='lat' dir='ltr'><strong>nin.</strong></span> <span class='ocrx_word' id='word_1_3' title='bbox 752 490 807 534; x_wconf 92' lang='grc' dir='ltr'><strong>ιιι.</strong></span> <span class='ocrx_word' id='word_1_4' title='bbox 826 471 877 534; x_wconf 92' lang='lat' dir='ltr'><strong>ll.</strong></span> 
     </span>
    </p>
   </div>
   <div class='ocr_carea' id='block_1_2' title="bbox 224 637 886 824">
    <p class='ocr_par' dir='ltr' id='par_1_2' title="bbox 224 637 872 824">
     <span class='ocr_line' id='line_1_2' title="bbox 224 637 810 727; baseline -0.017 -15"><span class='ocrx_word' id='word_1_5' title='bbox 224 650 348 723; x_wconf 82' lang='lat' dir='ltr'><strong>Parcas,</strong></span> <span class='ocrx_word' id='word_1_6' title='bbox 364 667 421 708; x_wconf 88' lang='lat' dir='ltr'><strong>nee</strong></span> <span class='ocrx_word' id='word_1_7' title='bbox 434 642 535 727; x_wconf 83' lang='lat' dir='ltr'><strong>rigida</strong></span> <span class='ocrx_word' id='word_1_8' title='bbox 551 641 672 705; x_wconf 87' lang='lat' dir='ltr'><strong>mollior</strong></span> <span class='ocrx_word' id='word_1_9' title='bbox 686 637 810 713; x_wconf 73' lang='lat' dir='ltr'><strong>aesculo,</strong></span> 
     </span>
     <span class='ocr_line' id='line_1_3' title="bbox 224 740 886 824; baseline -0.012 -12"><span class='ocrx_word' id='word_1_10' title='bbox 224 750 291 811; x_wconf 93' lang='lat' dir='ltr'><strong>Nec</strong></span> <span class='ocrx_word' id='word_1_11' title='bbox 308 744 431 812; x_wconf 86' lang='lat' dir='ltr'><strong>Mauris</strong></span> <span class='ocrx_word' id='word_1_12' title='bbox 446 744 584 808; x_wconf 87' lang='lat' dir='ltr'><strong>animum</strong></span> <span class='ocrx_word' id='word_1_13' title='bbox 600 740 704 806; x_wconf 90' lang='lat' dir='ltr'><strong>mitior</strong></span> <span class='ocrx_word' id='word_1_14' title='bbox 718 740 886 824; x_wconf 80' lang='lat' dir='ltr'><strong>anguibus:</strong></span> 
     </span>
    </p>
   </div>
   <div class='ocr_carea' id='block_1_3' title="bbox 210 841 1125 934">
    <p class='ocr_par' dir='ltr' id='par_1_3' title="bbox 210 841 1125 934">
     <span class='ocr_line' id='line_1_4' title="bbox 210 841 1125 934; baseline -0.021 -23"><span class='ocrx_word' id='word_1_15' title='bbox 210 847 369 924; x_wconf 11' lang='lat' dir='ltr'><strong>&gt;Nonhoc</strong></span> <span class='ocrx_word' id='word_1_16' title='bbox 385 866 504 929; x_wconf 88' lang='lat' dir='ltr'><strong>semper</strong></span> <span class='ocrx_word' id='word_1_17' title='bbox 518 857 577 908; x_wconf 89' lang='lat' dir='ltr'><strong>ent</strong></span> <span class='ocrx_word' id='word_1_18' title='bbox 592 841 707 907; x_wconf 77' lang='lat' dir='ltr'><strong>liminis</strong></span> <span class='ocrx_word' id='word_1_19' title='bbox 723 855 777 907; x_wconf 86' lang='lat' dir='ltr'><strong>aut</strong></span> <span class='ocrx_word' id='word_1_20' title='bbox 792 863 881 934; x_wconf 76' lang='lat' dir='ltr'><strong>squar</strong></span> <span class='ocrx_word' id='word_1_21' title='bbox 949 848 952 853; x_wconf 76' lang='grc'>’</span> <span class='ocrx_word' id='word_1_22' title='bbox 994 926 996 931; x_wconf 25' lang='lat'><strong>⁴</strong></span> <span class='ocrx_word' id='word_1_23' title='bbox 1052 851 1054 856; x_wconf 86' lang='lat'>·</span> <span class='ocrx_word' id='word_1_24' title='bbox 1120 866 1125 874; x_wconf 90' lang='lat'><strong>·</strong></span> 
     </span>
    </p>
   </div>
   <div class='ocr_carea' id='block_1_4' title="bbox 351 944 736 1030">
    <p class='ocr_par' dir='ltr' id='par_1_4' title="bbox 351 944 736 1030">
     <span class='ocr_line' id='line_1_5' title="bbox 351 944 736 1030; baseline -0.011 -19"><span class='ocrx_word' id='word_1_25' title='bbox 351 945 494 1011; x_wconf 86' lang='lat' dir='ltr'><strong>Caelestis</strong></span> <span class='ocrx_word' id='word_1_26' title='bbox 509 944 629 1030; x_wconf 83' lang='lat' dir='ltr'><strong>patiens</strong></span> <span class='ocrx_word' id='word_1_27' title='bbox 643 945 736 1008; x_wconf 82' lang='lat' dir='ltr'><strong>latus.</strong></span> 
     </span>
    </p>
   </div>
   <div class='ocr_carea' id='block_1_5' title="bbox 501 1162 973 1183">
    <p class='ocr_par' dir='ltr' id='par_1_5' title="bbox 501 1162 973 1183">
     <span class='ocr_line' id='line_1_6' title="bbox 501 1162 973 1183; baseline 0.008 -8"><span class='ocrx_word' id='word_1_28' title='bbox 501 1162 860 1183; x_wconf 47' lang='lat' dir='ltr'><em>W</em></span> <span class='ocrx_word' id='word_1_29' title='bbox 970 1176 973 1182; x_wconf 88' lang='grc'><em>,</em></span> 
     </span>
    </p>
   </div>
   <div class='ocr_carea' id='block_1_6' title="bbox 464 1336 889 1414">
    <p class='ocr_par' dir='ltr' id='par_1_6' title="bbox 464 1336 889 1414">
     <span class='ocr_line' id='line_1_7' title="bbox 464 1336 889 1414; baseline -0.005 -13"><span class='ocrx_word' id='word_1_30' title='bbox 464 1337 562 1401; x_wconf 77' lang='grc' dir='ltr'><strong>ΟὈΕ</strong></span> <span class='ocrx_word' id='word_1_31' title='bbox 586 1337 656 1398; x_wconf 82' lang='lat' dir='ltr'><strong>xl.</strong></span> <span class='ocrx_word' id='word_1_32' title='bbox 701 1337 751 1414; x_wconf 87' lang='grc' dir='ltr'><strong>(ιι.</strong></span> <span class='ocrx_word' id='word_1_33' title='bbox 774 1336 889 1413; x_wconf 76' lang='lat' dir='ltr'><strong>xviri.)</strong></span> 
     </span>
    </p>
   </div>
   <div class='ocr_carea' id='block_1_7' title="bbox 531 1525 823 1583">
    <p class='ocr_par' dir='ltr' id='par_1_7' title="bbox 531 1525 823 1583">
     <span class='ocr_line' id='line_1_8' title="bbox 531 1525 823 1583; baseline 0 -18"><span class='ocrx_word' id='word_1_34' title='bbox 531 1527 577 1566; x_wconf 74' lang='lat' dir='ltr'><strong>Al)</strong></span> <span class='ocrx_word' id='word_1_35' title='bbox 601 1525 823 1583; x_wconf 64' lang='lat' dir='ltr'><strong>nlrlttculttunt.</strong></span> 
     </span>
    </p>
   </div>
   <div class='ocr_carea' id='block_1_8' title="bbox 224 1670 1126 1757">
    <p class='ocr_par' dir='ltr' id='par_1_8' title="bbox 224 1670 1126 1757">
     <span class='ocr_line' id='line_1_9' title="bbox 224 1670 1126 1757; baseline -0.006 -17"><span class='ocrx_word' id='word_1_36' title='bbox 224 1677 392 1740; x_wconf 82' lang='lat' dir='ltr'><strong>Msncunr</strong></span> <span class='ocrx_word' id='word_1_37' title='bbox 410 1670 496 1749; x_wconf 85' lang='lat' dir='ltr'><strong>(nam</strong></span> <span class='ocrx_word' id='word_1_38' title='bbox 513 1686 543 1737; x_wconf 93' lang='lat' dir='ltr'><strong>te</strong></span> <span class='ocrx_word' id='word_1_39' title='bbox 558 1672 667 1736; x_wconf 86' lang='lat' dir='ltr'><strong>docilis</strong></span> <span class='ocrx_word' id='word_1_40' title='bbox 681 1673 832 1757; x_wconf 84' lang='lat' dir='ltr'><strong>magistro</strong></span> <span class='ocrx_word' id='word_1_41' title='bbox 942 1708 989 1739; x_wconf 65' lang='lat' dir='ltr'><em>a</em></span> <span class='ocrx_word' id='word_1_42' title='bbox 1123 1688 1126 1695; x_wconf 84' lang='lat'>·</span> 
     </span>
    </p>
   </div>
   <div class='ocr_carea' id='block_1_9' title="bbox 174 1772 878 2263">
    <p class='ocr_par' dir='ltr' id='par_1_9' title="bbox 225 1772 815 1859">
     <span class='ocr_line' id='line_1_10' title="bbox 225 1772 815 1859; baseline -0.008 -18"><span class='ocrx_word' id='word_1_43' title='bbox 225 1775 333 1841; x_wconf 88' lang='lat' dir='ltr'><strong>Movit</strong></span> <span class='ocrx_word' id='word_1_44' title='bbox 349 1773 511 1859; x_wconf 85' lang='lat' dir='ltr'><strong>Amphion</strong></span> <span class='ocrx_word' id='word_1_45' title='bbox 526 1772 647 1858; x_wconf 88' lang='lat' dir='ltr'><strong>lapides</strong></span> <span class='ocrx_word' id='word_1_46' title='bbox 662 1773 815 1856; x_wconf 89' lang='lat' dir='ltr'><strong>canendo)</strong></span> 
     </span>
    </p>

    <p class='ocr_par' dir='ltr' id='par_1_10' title="bbox 223 1865 823 2057">
     <span class='ocr_line' id='line_1_11' title="bbox 223 1865 823 1961; baseline -0.007 -19"><span class='ocrx_word' id='word_1_47' title='bbox 223 1880 339 1961; x_wconf 84' lang='lat' dir='ltr'><strong>Tuque</strong></span> <span class='ocrx_word' id='word_1_48' title='bbox 356 1873 499 1939; x_wconf 86' lang='lat' dir='ltr'><strong>Testudo</strong></span> <span class='ocrx_word' id='word_1_49' title='bbox 513 1896 658 1939; x_wconf 85' lang='lat' dir='ltr'><strong>resonare</strong></span> <span class='ocrx_word' id='word_1_50' title='bbox 670 1865 799 1960; x_wconf 26' lang='lat' dir='ltr'><strong>septem*</strong></span> <span class='ocrx_word' id='word_1_51' title='bbox 820 1886 823 1892; x_wconf 86' lang='lat'>&#39;</span> 
     </span>
     <span class='ocr_line' id='line_1_12' title="bbox 352 1962 766 2057; baseline -0.007 -15"><span class='ocrx_word' id='word_1_52' title='bbox 352 1976 476 2042; x_wconf 86' lang='lat' dir='ltr'><strong>Callida</strong></span> <span class='ocrx_word' id='word_1_53' title='bbox 490 1976 605 2057; x_wconf 84' lang='lat' dir='ltr'><strong>nervis,</strong></span> <span class='ocrx_word' id='word_1_54' title='bbox 762 1962 766 1968; x_wconf 40' lang='lat'>¹</span> 
     </span>
    </p>

    <p class='ocr_par' dir='ltr' id='par_1_11' title="bbox 174 2076 878 2163">
     <span class='ocr_line' id='line_1_13' title="bbox 174 2076 878 2163; baseline 0.001 -19"><span class='ocrx_word' id='word_1_55' title='bbox 174 2092 179 2096; x_wconf 84' lang='grc'><em>“</em></span> <span class='ocrx_word' id='word_1_56' title='bbox 223 2080 291 2143; x_wconf 86' lang='lat' dir='ltr'><strong>Nec</strong></span> <span class='ocrx_word' id='word_1_57' title='bbox 304 2078 415 2163; x_wconf 80' lang='lat' dir='ltr'><strong>loquax</strong></span> <span class='ocrx_word' id='word_1_58' title='bbox 430 2076 502 2141; x_wconf 92' lang='lat' dir='ltr'><strong>olim</strong></span> <span class='ocrx_word' id='word_1_59' title='bbox 519 2100 619 2162; x_wconf 90' lang='lat' dir='ltr'><strong>neque</strong></span> <span class='ocrx_word' id='word_1_60' title='bbox 632 2091 731 2162; x_wconf 82' lang='lat' dir='ltr'><strong>grata,</strong></span> <span class='ocrx_word' id='word_1_61' title='bbox 747 2100 831 2145; x_wconf 91' lang='lat' dir='ltr'><strong>nunc</strong></span> <span class='ocrx_word' id='word_1_62' title='bbox 846 2093 878 2145; x_wconf 88' lang='lat' dir='ltr'><strong>et</strong></span> 
     </span>
    </p>

    <p class='ocr_par' dir='ltr' id='par_1_12' title="bbox 224 2178 864 2263">
     <span class='ocr_line' id='line_1_14' title="bbox 224 2178 864 2263; baseline -0.003 -18"><span class='ocrx_word' id='word_1_63' title='bbox 224 2181 367 2245; x_wconf 86' lang='lat' dir='ltr'><strong>Divitum</strong></span> <span class='ocrx_word' id='word_1_64' title='bbox 384 2179 497 2244; x_wconf 87' lang='lat' dir='ltr'><strong>mensis</strong></span> <span class='ocrx_word' id='word_1_65' title='bbox 512 2189 544 2243; x_wconf 86' lang='lat' dir='ltr'><strong>et</strong></span> <span class='ocrx_word' id='word_1_66' title='bbox 556 2178 656 2243; x_wconf 88' lang='lat' dir='ltr'><strong>amica</strong></span> <span class='ocrx_word' id='word_1_67' title='bbox 670 2179 807 2263; x_wconf 86' lang='lat' dir='ltr'><strong>templis,</strong></span> <span class='ocrx_word' id='word_1_68' title='bbox 862 2197 864 2202; x_wconf 81' lang='grc'>’</span> 
     </span>
    </p>
   </div>
   <div class='ocr_carea' id='block_1_10' title="bbox 99 2268 950 2370">
    <p class='ocr_par' dir='ltr' id='par_1_13' title="bbox 99 2268 950 2370">
     <span class='ocr_line' id='line_1_15' title="bbox 99 2268 950 2370; baseline -0.001 -24"><span class='ocrx_word' id='word_1_69' title='bbox 99 2269 103 2278; x_wconf 61' lang='grc'><strong>’</strong></span> <span class='ocrx_word' id='word_1_70' title='bbox 223 2282 286 2346; x_wconf 92' lang='lat' dir='ltr'><strong>Dic</strong></span> <span class='ocrx_word' id='word_1_71' title='bbox 300 2279 419 2356; x_wconf 90' lang='lat' dir='ltr'><strong>modos,</strong></span> <span class='ocrx_word' id='word_1_72' title='bbox 436 2279 531 2362; x_wconf 86' lang='lat' dir='ltr'><strong>Lyde</strong></span> <span class='ocrx_word' id='word_1_73' title='bbox 541 2278 654 2362; x_wconf 88' lang='lat' dir='ltr'><strong>quibus</strong></span> <span class='ocrx_word' id='word_1_74' title='bbox 668 2279 837 2345; x_wconf 84' lang='lat' dir='ltr'><strong>obstinatas</strong></span> <span class='ocrx_word' id='word_1_75' title='bbox 917 2268 920 2274; x_wconf 44' lang='lat'><strong><em>¹</em></strong></span> <span class='ocrx_word' id='word_1_76' title='bbox 948 2366 950 2370; x_wconf 23' lang='grc' dir='ltr'>Ι</span> 
     </span>
    </p>
   </div>
   <div class='ocr_carea' id='block_1_11' title="bbox 192 2379 845 2670">
    <p class='ocr_par' dir='ltr' id='par_1_14' title="bbox 192 2379 997 2670">
     <span class='ocr_line' id='line_1_16' title="bbox 192 2379 624 2465; baseline -0.007 -20"><span class='ocrx_word' id='word_1_77' title='bbox 192 2448 196 2456; x_wconf 73' lang='grc'><em>,</em></span> <span class='ocrx_word' id='word_1_78' title='bbox 352 2379 499 2465; x_wconf 79' lang='lat' dir='ltr'><strong>Applicet</strong></span> <span class='ocrx_word' id='word_1_79' title='bbox 514 2401 624 2444; x_wconf 86' lang='lat' dir='ltr'><strong>aures:</strong></span> 
     </span>
     <span class='ocr_line' id='line_1_17' title="bbox 225 2479 845 2567; baseline -0.001 -20"><span class='ocrx_word' id='word_1_80' title='bbox 225 2487 316 2562; x_wconf 71' lang='lat' dir='ltr'><strong>Quae,</strong></span> <span class='ocrx_word' id='word_1_81' title='bbox 332 2481 417 2546; x_wconf 85' lang='lat' dir='ltr'><strong>velut</strong></span> <span class='ocrx_word' id='word_1_82' title='bbox 432 2481 503 2545; x_wconf 87' lang='lat' dir='ltr'><strong>latis</strong></span> <span class='ocrx_word' id='word_1_83' title='bbox 518 2503 597 2566; x_wconf 88' lang='lat' dir='ltr'><strong>equa</strong></span> <span class='ocrx_word' id='word_1_84' title='bbox 612 2479 703 2546; x_wconf 87' lang='lat' dir='ltr'><strong>trima</strong></span> <span class='ocrx_word' id='word_1_85' title='bbox 717 2481 845 2567; x_wconf 85' lang='lat' dir='ltr'><strong>campis,</strong></span> 
     </span>
     <span class='ocr_line' id='line_1_18' title="bbox 226 2581 798 2670; baseline 0 -21"><span class='ocrx_word' id='word_1_86' title='bbox 226 2584 327 2649; x_wconf 86' lang='lat' dir='ltr'><strong>Ludit</strong></span> <span class='ocrx_word' id='word_1_87' title='bbox 341 2582 499 2660; x_wconf 88' lang='lat' dir='ltr'><strong>exsultim,</strong></span> <span class='ocrx_word' id='word_1_88' title='bbox 514 2581 686 2669; x_wconf 87' lang='lat' dir='ltr'><strong>metuitque</strong></span> <span class='ocrx_word' id='word_1_89' title='bbox 700 2583 798 2670; x_wconf 83' lang='lat' dir='ltr'><strong>tangi,</strong></span> 
     </span>
    </p>
   </div>
   <div class='ocr_carea' id='block_1_12' title="bbox 226 2682 1124 2806">
    <p class='ocr_par' dir='ltr' id='par_1_15' title="bbox 226 2682 1124 2806">
     <span class='ocr_line' id='line_1_19' title="bbox 226 2682 1124 2806; baseline -0.001 -54"><span class='ocrx_word' id='word_1_90' title='bbox 226 2685 414 2771; x_wconf 81' lang='lat' dir='ltr'><strong>Nuptiarum</strong></span> <span class='ocrx_word' id='word_1_91' title='bbox 430 2706 550 2769; x_wconf 84' lang='lat' dir='ltr'><strong>expers,</strong></span> <span class='ocrx_word' id='word_1_92' title='bbox 565 2698 597 2750; x_wconf 89' lang='lat' dir='ltr'><strong>et</strong></span> <span class='ocrx_word' id='word_1_93' title='bbox 612 2685 715 2751; x_wconf 86' lang='lat' dir='ltr'><strong>adhuc</strong></span> <span class='ocrx_word' id='word_1_94' title='bbox 728 2700 874 2806; x_wconf 82' lang='lat' dir='ltr'><strong>protervo</strong></span> <span class='ocrx_word' id='word_1_95' title='bbox 962 2754 965 2759; x_wconf 80' lang='grc'><strong>,</strong></span> <span class='ocrx_word' id='word_1_96' title='bbox 1023 2682 1080 2715; x_wconf 67' lang='grc'><strong>”““</strong></span> <span class='ocrx_word' id='word_1_97' title='bbox 1118 2702 1124 2713; x_wconf 72' lang='grc'>“</span> 
     </span>
    </p>
   </div>
   <div class='ocr_carea' id='block_1_13' title="bbox 219 2787 952 4296">
    <p class='ocr_par' dir='ltr' id='par_1_16' title="bbox 219 2787 813 3160">
     <span class='ocr_line' id='line_1_20' title="bbox 354 2787 597 2851; baseline 0 0"><span class='ocrx_word' id='word_1_98' title='bbox 354 2787 460 2851; x_wconf 83' lang='lat' dir='ltr'><strong>Cruda</strong></span> <span class='ocrx_word' id='word_1_99' title='bbox 476 2787 597 2851; x_wconf 86' lang='lat' dir='ltr'><strong>marito.</strong></span> 
     </span>
     <span class='ocr_line' id='line_1_21' title="bbox 225 2889 813 3010; baseline 0 -53"><span class='ocrx_word' id='word_1_100' title='bbox 225 2895 280 2957; x_wconf 85' lang='lat' dir='ltr'><strong>Tu</strong></span> <span class='ocrx_word' id='word_1_101' title='bbox 295 2904 383 2977; x_wconf 88' lang='lat' dir='ltr'><strong>potes</strong></span> <span class='ocrx_word' id='word_1_102' title='bbox 397 2889 492 2975; x_wconf 81' lang='lat' dir='ltr'><strong>tigres</strong></span> <span class='ocrx_word' id='word_1_103' title='bbox 506 2889 693 2976; x_wconf 79' lang='lat' dir='ltr'><strong>comitesque</strong></span> <span class='ocrx_word' id='word_1_104' title='bbox 707 2889 813 3010; x_wconf 78' lang='lat' dir='ltr'><strong>sylvas</strong></span> 
     </span>
     <span class='ocr_line' id='line_1_22' title="bbox 219 2990 785 3070; baseline 0 -12"><span class='ocrx_word' id='word_1_105' title='bbox 219 2995 359 3070; x_wconf 86' lang='lat' dir='ltr'><strong>Ducere,</strong></span> <span class='ocrx_word' id='word_1_106' title='bbox 375 3004 406 3055; x_wconf 87' lang='lat' dir='ltr'><strong>et</strong></span> <span class='ocrx_word' id='word_1_107' title='bbox 421 2991 504 3055; x_wconf 86' lang='lat' dir='ltr'><strong>rivos</strong></span> <span class='ocrx_word' id='word_1_108' title='bbox 519 2990 632 3057; x_wconf 87' lang='lat' dir='ltr'><strong>celeres</strong></span> <span class='ocrx_word' id='word_1_109' title='bbox 647 2992 785 3058; x_wconf 84' lang='lat' dir='ltr'><strong>morari:</strong></span> 
     </span>
     <span class='ocr_line' id='line_1_23' title="bbox 226 3091 741 3160; baseline -0.004 0"><span class='ocrx_word' id='word_1_110' title='bbox 226 3093 329 3160; x_wconf 80' lang='lat' dir='ltr'><strong>Cessit</strong></span> <span class='ocrx_word' id='word_1_111' title='bbox 342 3093 485 3158; x_wconf 85' lang='lat' dir='ltr'><strong>immanis</strong></span> <span class='ocrx_word' id='word_1_112' title='bbox 497 3091 554 3158; x_wconf 91' lang='lat' dir='ltr'><strong>tibi</strong></span> <span class='ocrx_word' id='word_1_113' title='bbox 568 3094 741 3159; x_wconf 85' lang='lat' dir='ltr'><strong>blandienti</strong></span> 
     </span>
    </p>

    <p class='ocr_par' dir='ltr' id='par_1_17' title="bbox 228 3193 858 3584">
     <span class='ocr_line' id='line_1_24' title="bbox 353 3193 858 3259; baseline 0 -2"><span class='ocrx_word' id='word_1_114' title='bbox 353 3193 375 3257; x_wconf 86' lang='lat' dir='ltr'>J</span> <span class='ocrx_word' id='word_1_115' title='bbox 378 3193 479 3259; x_wconf 87' lang='lat' dir='ltr'><strong>amtor</strong></span> <span class='ocrx_word' id='word_1_116' title='bbox 490 3194 571 3258; x_wconf 75' lang='lat' dir='ltr'><strong>sulse</strong></span> <span class='ocrx_word' id='word_1_117' title='bbox 711 3205 716 3214; x_wconf 82' lang='grc'><strong><em>’</em></strong></span> <span class='ocrx_word' id='word_1_118' title='bbox 855 3195 858 3199; x_wconf 49' lang='lat'><strong>⁴</strong></span> 
     </span>
     <span class='ocr_line' id='line_1_25' title="bbox 229 3295 848 3382; baseline 0.003 -20"><span class='ocrx_word' id='word_1_119' title='bbox 229 3299 401 3371; x_wconf 65' lang='lat' dir='ltr'><strong>Cerberum</strong></span> <span class='ocrx_word' id='word_1_120' title='bbox 425 3295 566 3382; x_wconf 85' lang='lat' dir='ltr'><strong>quamvis</strong></span> <span class='ocrx_word' id='word_1_121' title='bbox 580 3295 690 3362; x_wconf 79' lang='lat' dir='ltr'><strong>firriale</strong></span> <span class='ocrx_word' id='word_1_122' title='bbox 706 3311 831 3364; x_wconf 88' lang='lat' dir='ltr'><strong>centurn</strong></span> <span class='ocrx_word' id='word_1_123' title='bbox 846 3344 848 3347; x_wconf 30' lang='grc' dir='ltr'>ψ</span> 
     </span>
     <span class='ocr_line' id='line_1_26' title="bbox 228 3398 815 3486; baseline 0.005 -24"><span class='ocrx_word' id='word_1_124' title='bbox 228 3398 376 3464; x_wconf 88' lang='lat' dir='ltr'><strong>Muniant</strong></span> <span class='ocrx_word' id='word_1_125' title='bbox 390 3419 506 3482; x_wconf 72' lang='lat' dir='ltr'><strong>augures</strong></span> <span class='ocrx_word' id='word_1_126' title='bbox 518 3411 613 3483; x_wconf 86' lang='lat' dir='ltr'><strong>caput</strong></span> <span class='ocrx_word' id='word_1_127' title='bbox 627 3399 705 3484; x_wconf 90' lang='lat' dir='ltr'><strong>ejus,</strong></span> <span class='ocrx_word' id='word_1_128' title='bbox 721 3411 815 3486; x_wconf 82' lang='lat' dir='ltr'><strong>atque</strong></span> 
     </span>
     <span class='ocr_line' id='line_1_27' title="bbox 229 3496 765 3584; baseline 0 -22"><span class='ocrx_word' id='word_1_129' title='bbox 229 3497 364 3584; x_wconf 79' lang='lat' dir='ltr'><strong>Spiritus</strong></span> <span class='ocrx_word' id='word_1_130' title='bbox 378 3509 458 3562; x_wconf 86' lang='lat' dir='ltr'><strong>teter</strong></span> <span class='ocrx_word' id='word_1_131' title='bbox 472 3496 633 3581; x_wconf 73' lang='lat' dir='ltr'><strong>saniesque</strong></span> <span class='ocrx_word' id='word_1_132' title='bbox 647 3510 765 3583; x_wconf 81' lang='lat' dir='ltr'><strong>manet·</strong></span> 
     </span>
    </p>

    <p class='ocr_par' dir='ltr' id='par_1_18' title="bbox 226 3598 791 3988">
     <span class='ocr_line' id='line_1_28' title="bbox 356 3598 590 3681; baseline -0.017 -18"><span class='ocrx_word' id='word_1_133' title='bbox 356 3602 422 3663; x_wconf 87' lang='lat' dir='ltr'><strong>Ore</strong></span> <span class='ocrx_word' id='word_1_134' title='bbox 437 3598 590 3681; x_wconf 80' lang='lat' dir='ltr'><strong>trilingui.</strong></span> 
     </span>
     <span class='ocr_line' id='line_1_29' title="bbox 227 3698 784 3783; baseline -0.009 -16"><span class='ocrx_word' id='word_1_135' title='bbox 227 3702 311 3782; x_wconf 84' lang='lat' dir='ltr'><strong>Quin</strong></span> <span class='ocrx_word' id='word_1_136' title='bbox 335 3699 486 3774; x_wconf 74' lang='lat' dir='ltr'><strong>etlinun,</strong></span> <span class='ocrx_word' id='word_1_137' title='bbox 503 3698 679 3783; x_wconf 86' lang='lat' dir='ltr'><strong>Tityosque</strong></span> <span class='ocrx_word' id='word_1_138' title='bbox 693 3699 784 3762; x_wconf 89' lang='lat' dir='ltr'><strong>vultu</strong></span> 
     </span>
     <span class='ocr_line' id='line_1_30' title="bbox 226 3798 791 3885; baseline -0.007 -17"><span class='ocrx_word' id='word_1_139' title='bbox 226 3803 313 3867; x_wconf 85' lang='lat' dir='ltr'><strong>Risit</strong></span> <span class='ocrx_word' id='word_1_140' title='bbox 327 3801 445 3865; x_wconf 89' lang='lat' dir='ltr'><strong>invito:</strong></span> <span class='ocrx_word' id='word_1_141' title='bbox 470 3800 557 3864; x_wconf 86' lang='lat' dir='ltr'><strong>stetit</strong></span> <span class='ocrx_word' id='word_1_142' title='bbox 570 3819 649 3863; x_wconf 84' lang='lat' dir='ltr'><strong>urna</strong></span> <span class='ocrx_word' id='word_1_143' title='bbox 663 3798 791 3885; x_wconf 87' lang='lat' dir='ltr'><strong>paulum</strong></span> 
     </span>
     <span class='ocr_line' id='line_1_31' title="bbox 229 3899 775 3988; baseline 0 -20"><span class='ocrx_word' id='word_1_144' title='bbox 229 3903 328 3983; x_wconf 88' lang='lat' dir='ltr'><strong>Sicca,</strong></span> <span class='ocrx_word' id='word_1_145' title='bbox 343 3902 418 3968; x_wconf 92' lang='lat' dir='ltr'><strong>dum</strong></span> <span class='ocrx_word' id='word_1_146' title='bbox 432 3913 522 3987; x_wconf 82' lang='lat' dir='ltr'><strong>grato</strong></span> <span class='ocrx_word' id='word_1_147' title='bbox 536 3899 640 3968; x_wconf 86' lang='lat' dir='ltr'><strong>Danai</strong></span> <span class='ocrx_word' id='word_1_148' title='bbox 655 3899 775 3988; x_wconf 86' lang='lat' dir='ltr'><strong>puellas</strong></span> 
     </span>
    </p>

    <p class='ocr_par' dir='ltr' id='par_1_19' title="bbox 229 4002 952 4296">
     <span class='ocr_line' id='line_1_32' title="bbox 357 4002 644 4073; baseline -0.017 0"><span class='ocrx_word' id='word_1_149' title='bbox 357 4002 503 4073; x_wconf 85' lang='lat' dir='ltr'><strong>Carmine</strong></span> <span class='ocrx_word' id='word_1_150' title='bbox 518 4002 644 4070; x_wconf 88' lang='lat' dir='ltr'><strong>mulces.</strong></span> 
     </span>
     <span class='ocr_line' id='line_1_33' title="bbox 229 4107 780 4196; baseline 0 -23"><span class='ocrx_word' id='word_1_151' title='bbox 229 4110 346 4175; x_wconf 84' lang='lat' dir='ltr'><strong>Audiat</strong></span> <span class='ocrx_word' id='word_1_152' title='bbox 362 4108 454 4196; x_wconf 83' lang='lat' dir='ltr'><strong>Lyde</strong></span> <span class='ocrx_word' id='word_1_153' title='bbox 470 4107 569 4174; x_wconf 84' lang='lat' dir='ltr'><strong>scelus</strong></span> <span class='ocrx_word' id='word_1_154' title='bbox 584 4121 676 4193; x_wconf 86' lang='lat' dir='ltr'><strong>atque</strong></span> <span class='ocrx_word' id='word_1_155' title='bbox 691 4121 780 4173; x_wconf 86' lang='lat' dir='ltr'><strong>notus</strong></span> 
     </span>
     <span class='ocr_line' id='line_1_34' title="bbox 231 4205 952 4296; baseline -0.001 -23"><span class='ocrx_word' id='word_1_156' title='bbox 231 4206 529 4296; x_wconf 83' lang='lat' dir='ltr'><strong>Virginnni&#39;poenas,</strong></span> <span class='ocrx_word' id='word_1_157' title='bbox 544 4223 575 4274; x_wconf 89' lang='lat' dir='ltr'><strong>et</strong></span> <span class='ocrx_word' id='word_1_158' title='bbox 589 4208 681 4274; x_wconf 86' lang='lat' dir='ltr'><strong>inane</strong></span> <span class='ocrx_word' id='word_1_159' title='bbox 698 4205 837 4292; x_wconf 84' lang='lat' dir='ltr'><strong>lymphae</strong></span> <span class='ocrx_word' id='word_1_160' title='bbox 949 4212 952 4217; x_wconf 82' lang='grc'><strong><em>’</em></strong></span> 
     </span>
    </p>
   </div>
   <div class='ocr_carea' id='block_1_14' title="bbox 0 0 1441 5010">
    <p class='ocr_par' dir='ltr' id='par_1_20' title="bbox 0 0 1441 5010">
     <span class='ocr_line' id='line_1_35' title="bbox 0 0 1441 5010; baseline 0 0"><span class='ocrx_word' id='word_1_161' title='bbox 0 0 1441 5010; x_wconf 95' lang='lat' dir='ltr'><strong> </strong></span> 
     </span>
    </p>
   </div>
  </div>
 </body>
</html>
