2872 5010
270 421 314 487 92
593 440 626 485 α.
650 437 795 480 usuarii
822 418 947 478 rnaccr'

270 594 341 669 Quo
356 612 412 653 nos
427 558 549 673 cunque
563 588 641 653 feret
656 587 764 651 melior
777 587 902 651 fortuna
916 599 1055 671 parente,
1233 588 1280 651 25

315 693 447 789 Ibimus,
464 694 492 756 Ο
508 692 582 755 socii
598 690 798 776 comitesque,

271 795 326 859 Nil
342 795 567 880 desperandum
586 796 711 858 Teucro
726 793 817 883 duee,
833 804 864 855 et
879 789 1004 874 auspice
1020 791 1167 854 Teucro:

313 899 427 961 Certus
442 897 524 960 enim
540 897 681 980 promisit
697 895 816 980 Apollo

269 999 456 1083 Ambiguam
473 999 584 1062 tellure
596 1020 678 1061 nova
695 997 852 1061 Salamina
866 994 1014 1059 futuram.

312 1102 342 1165 Ο
357 1100 462 1179 fortes,
476 1100 642 1184 pejoraque
658 1098 739 1182 transi
1228 1099 1277 1161 30

271 1203 398 1265 Mecum
414 1223 497 1285 saepe
512 1200 583 1278 viri,
599 1222 682 1264 nunc
698 1200 771 1262 virm
786 1200 894 1285 pellite
909 1221 1017 1265 curas:

312 1304 390 1367 Cras
406 1302 515 1387 ingens
530 1302 709 1366 iterabimus
721 1324 835 1387 aequor.

524 1552 621 1616 ODE
644 1552 748 1615 Vlll.
796 1552 956 1631 (uernum
975 1549 1018 1629 x.)

664 1710 711 1752 An
728 1706 870 1751 LanAn.

270 1820 389 1883 Lrnra
407 1821 469 1893 dic,
486 1842 540 1905 per
554 1843 661 1884 omnes

312 1923 364 1985 Te
380 1922 465 1985 Deos
479 1945 543 1997 oro,
561 1923 702 2003 Sybarim
718 1944 774 1984 eur
788 1942 933 2005 properes
949 1920 1082 1985 amando

269 2024 423 2094 Perdere;
447 2045 502 2086 cur
516 2022 653 2106 apricum

312 2125 423 2191 Oderit
437 2146 579 2210 campum
596 2124 717 2209 patiens
731 2122 869 2207 pulveris
884 2136 977 2209 atque
992 2123 1076 2188 solis.

269 2233 336 2295 Cur
350 2250 451 2313 neque
465 2226 609 2291 militaris
1247 2233 1270 2294 5

314 2332 402 2395 Inter
416 2331 550 2417 aequales
565 2330 693 2415 equitat,
711 2329 835 2394 Gallica
849 2351 906 2393 uec
921 2329 1036 2414 lupatis

269 2434 441 2516 Temperat
456 2455 509 2497 ora
523 2432 653 2495 fraenis?

312 2536 379 2597 Cur
394 2534 483 2597 timet
496 2533 611 2598 flavum
629 2535 770 2599 Tiberim
789 2534 937 2620 tangere?
957 2555 1012 2599 eur
1025 2533 1142 2598 olivum

270 2634 430 2718 Sanguine
445 2633 586 2717 viperino

312 2734 444 2798 Cautius
459 2734 561 2797 vitat?
584 2758 683 2820 neque
697 2738 764 2820 jam
780 2737 878 2802 livida
891 2751 993 2822 gestat
1007 2737 1100 2803 aruris
1223 2737 1268 2799 10

268 2834 413 2910 Brachia,
429 2857 512 2919 saepe
527 2834 626 2912 diseo,

312 2938 403 3022 Saepe
419 2951 502 3000 trane
517 2936 609 3000 finem
626 2936 734 3019 jaculo
749 2936 861 2999 nobilis
876 2940 1045 3022 expedito?

268 3041 353 3119 Quid
367 3040 454 3117 latet,
470 3052 506 3102 nt
520 3038 648 3102 marinae

310 3143 428 3207 Filium
444 3142 552 3206 dicunt
568 3138 717 3205 Thetidis
732 3140 790 3203 sub
805 3141 976 3225 lacrymosa
992 3143 1099 3229 Trojae

267 3245 404 3321 Funera,
419 3265 459 3307 ne
477 3242 575 3306 virilis
1222 3248 1265 3311 15

311 3345 425 3410 Cultus
440 3344 472 3408 in
488 3343 604 3408 eaedem
620 3357 651 3406 et
667 3343 782 3426 Lycias
798 3345 969 3429 proriperet
983 3352 1145 3413 catervas?

513 3593 609 3656 ODE
633 3595 700 3658 IX.
748 3593 913 3674 (rrnrnnu
931 3604 1018 3686 xrx.)

597 3751 645 3793 AD
665 3751 935 3800 Tuanlanenunt.

308 3864 419 3925 Vinus
434 3873 470 3925 ut
486 3861 549 3924 alta
564 3873 624 3925 stet
639 3863 713 3927 nive
729 3868 895 3932 candidum
932 3927 934 3930 ,

309 3968 445 4040 Soracte,
461 3985 519 4028 nee
534 3963 601 4047 jam
617 3965 790 4028 sustineant
805 3989 884 4031 onus

352 4068 457 4152 Sylvae
472 4066 657 4142 laborantes,
666 4065 806 4150 ¹geluque

395 4168 542 4234 Flumina
557 4166 751 4232 constiterint
766 4174 880 4235 acuto?
