2872 5010
264 417 305 483 16
585 439 615 485 α.
640 435 787 480 rrorsrrr
814 437 935 480 resecr

263 591 348 652 Dum
365 588 501 652 custodis
516 609 598 671 eges,
615 588 709 650 vitum
725 587 900 672 famamque
916 588 996 651 tueri

263 691 447 754 Incolumes
463 711 605 773 possum:
630 688 760 752 simulac
775 688 932 753 duraverit
950 703 1026 754 aetas

262 793 407 857 Membra
418 791 615 876 animumque
628 805 726 870 tuum,
737 790 825 855 nabis
837 791 904 855 sine
915 791 1039 856 cortice.
1064 791 1117 856 Sic
1128 813 1177 857 me
1192 792 1260 857 luo

262 893 430 959 Formabut
446 914 574 976 puerum
592 893 701 956 dictis:
726 906 757 956 et
772 893 838 956 sive
848 893 980 977 jubebat

262 996 311 1059 Ut
325 995 454 1058 facerem
470 994 557 1079 quid,
575 995 682 1056 Habes
697 1007 851 1057 auctorem
867 1016 929 1078 quo
943 993 1038 1058 facias
1051 995 1131 1069 hoc;

262 1099 371 1162 Unum
388 1118 425 1159 ex
435 1094 594 1178 judicibus
609 1094 730 1156 selectis
745 1093 925 1179 objiciebat:

263 1196 337 1261 Sive
352 1196 486 1271 vetabat,
503 1195 556 1257 An
572 1192 632 1257 boc
647 1193 844 1258 inhonestum
859 1210 891 1258 et
906 1195 1017 1262 inutile
1031 1198 1146 1263 factum

263 1295 371 1361 Necne
386 1296 437 1373 sit,
452 1294 627 1372 addubites,
644 1294 752 1379 flagret
766 1319 887 1362 rumore
902 1298 983 1362 malo
998 1320 1067 1363 cum
1192 1302 1257 1365 125

263 1399 329 1463 Hic
344 1412 436 1483 etque
452 1398 526 1461 ille?
551 1397 672 1461 Avidus
688 1397 823 1462 vicinum
838 1399 932 1464 funus
948 1415 984 1464 ut
999 1422 1098 1486 aegros

262 1501 443 1577 Exanimst,
460 1499 625 1583 mortisque
640 1512 725 1563 metu
740 1500 797 1563 sibi
813 1523 937 1585 parcere
951 1503 1051 1587 cogit:

264 1605 317 1670 Sic
332 1617 452 1668 teneros
467 1602 585 1666 animos
599 1602 700 1665 aliena
714 1603 877 1686 opprobria
892 1623 975 1688 saepe

262 1707 449 1771 Absterreut
464 1704 557 1768 vitiis.
602 1705 654 1767 Ex
669 1703 728 1767 boc
743 1726 801 1789 ego
816 1726 908 1768 ssuus
924 1705 963 1770 ab
978 1704 1052 1784 illis,

263 1808 436 1873 Perniciem
452 1827 644 1891 quoecunque
657 1806 780 1880 ferunt;
804 1807 1020 1884 mediocribus,
1036 1820 1067 1870 et
1080 1806 1168 1892 queis
1191 1810 1255 1872 130

262 1913 421 1995 Ignoscas,
437 1909 521 1971 vitiis
536 1922 660 1980 teneor,
685 1908 821 1971 fortassis
836 1922 868 1972 et
882 1908 998 1973 isthinc
1086 1902 1088 1908 ¹

261 2011 406 2094 Largiter
419 2006 580 2072 abstulerit
595 2007 688 2091 longa
702 2023 788 2086 oetss,
806 2009 883 2072 liber
898 2010 1025 2087 amicus,

261 2111 434 2175 Consilium
450 2108 625 2193 proprium:
649 2129 749 2193 neque
765 2108 857 2186 enim,
874 2131 943 2173 cum
958 2111 1093 2176 lectulus
1107 2128 1162 2178 sut
1176 2136 1226 2178 me

261 2210 405 2276 Porticus
420 2211 552 2296 excepit,
567 2211 674 2274 desum
690 2210 783 2274 mihi:
809 2211 939 2275 Rectius
953 2211 1013 2277 boc
1028 2229 1093 2288 est;

261 2315 336 2378 Hoc
348 2313 475 2392 faciens,
491 2313 593 2378 vivum
609 2313 738 2385 melius;
763 2313 807 2377 sic
821 2313 921 2379 dulcis
936 2314 1043 2379 amicis
1189 2318 1253 2380 135

262 2408 453 2491 Occurrsm;
476 2415 536 2480 hoc
550 2415 675 2502 quidam
691 2439 753 2480 non
768 2416 868 2489 belle;
892 2438 966 2480 num
981 2417 1057 2504 quid
1071 2441 1129 2504 ego
1144 2417 1190 2481 illi

262 2519 449 2602 Imprudens
464 2517 538 2580 olim
552 2517 663 2582 faciem
679 2518 802 2582 simile?
827 2521 907 2583 Haec
922 2541 980 2603 ego
994 2542 1114 2585 mecum

259 2618 453 2701 Compressis
467 2618 552 2702 agito
566 2618 678 2680 labris:
703 2619 757 2681 ubi
772 2618 848 2700 quid
863 2620 956 2682 dstur
969 2622 1027 2699 oti,

260 2717 366 2781 Illudo
381 2718 514 2781 chartis:
539 2718 597 2780 hoc
612 2731 659 2781 est
674 2717 878 2780 mediocribus
893 2718 954 2780 illis

258 2820 312 2883 Ex
326 2818 410 2882 vitiis
425 2838 542 2890 uuum;
567 2817 617 2879 cui
633 2817 658 2879 si
673 2817 839 2880 concedere
854 2817 944 2893 nolis,
1188 2825 1254 2885 140

259 2919 366 2984 Multa
382 2922 550 2983 Poetarum
565 2917 670 2981 veniat
684 2937 805 2994 manus,
821 2915 936 2979 auxilio
950 2938 1021 3001 quae

259 3021 309 3086 Sit
323 3021 399 3085 mihi
417 3017 503 3099 (nam
518 3018 734 3103 multoplures
750 3020 871 3099 sumus)
887 3039 924 3081 ue
939 3017 1035 3082 veluti
1051 3033 1082 3084 te

258 3124 282 3186 J
284 3122 367 3188 udaei
382 3144 526 3209 cogemus
539 3121 572 3186 in
587 3121 668 3187 hanc
683 3120 848 3184 concedere
863 3121 994 3185 turbam.

635 3495 812 3564 SATIRA
834 3497 873 3559 V.

259 3681 446 3748 Eeunssuu
463 3705 575 3768 magna
588 3704 638 3746 me
653 3683 774 3767 excepit
788 3683 893 3748 Aricia
910 3687 1012 3747 Roma

258 3783 408 3870 Hospitio
423 3784 562 3857 modic0;
587 3782 711 3847 Rhetor
724 3805 825 3850 eomes
842 3785 1043 3862 Heliodorus,

259 3888 439 3952 Graecorum
455 3886 547 3968 longe
562 3884 766 3948 doctissimus.
814 3889 894 3950 Iude
911 3889 1025 3950 Forum
1042 3887 1142 3971 Appi,

257 3989 426 4055 Differtum
442 3987 556 4059 nautis,
571 3987 761 4070 cauponibus
776 4000 868 4071 atque
884 3988 1037 4073 malignis.

258 4093 332 4157 Hoc
346 4091 404 4155 iter
419 4089 524 4175 ignavi
539 4088 711 4167 divisimus,
726 4089 819 4154 altius
834 4112 869 4154 ac
884 4112 940 4155 nos
