2872 5010
491 474 679 518 canuruuu
704 477 771 520 nra.
789 477 843 521 111.
859 460 914 522 30.

284 627 409 693 Virtute
423 651 473 694 me
487 631 622 710 involvo,
637 634 824 717 probamque

326 733 511 815 Pauperiem
527 734 593 797 sine
607 736 681 798 dote
694 757 809 818 quaero.

240 834 311 895 Nou
328 848 374 896 est
389 855 503 910 meum,
519 836 544 898 si
561 837 680 921 mugiat
695 838 813 901 Africis

241 935 348 998 Malus
364 938 517 1018 procellis,
533 939 573 1001 ad
588 939 713 1003 miseras
728 962 834 1023 preces

281 1037 454 1103 Decurrere
468 1053 499 1103 et
515 1041 594 1104 votis
609 1042 733 1125 pacisci,

326 1141 378 1204 Ne
394 1142 519 1226 Cypriae
536 1144 706 1229 Tyriaeque
720 1166 835 1209 merces

237 1242 364 1307 Addant
379 1265 469 1307 avaro
483 1245 610 1309 divitias
624 1246 700 1310 mari
714 1270 720 1308 :

238 1346 323 1408 Tum
340 1367 389 1409 me
403 1346 528 1410 biremis
542 1348 686 1431 praesidio
701 1348 822 1432 scephae

281 1448 402 1510 Tutum
417 1470 473 1532 per
488 1447 616 1531 AEgaeos
632 1450 783 1512 tumultus

322 1551 408 1613 Aura
421 1550 510 1628 feret,
525 1551 727 1635 geminusque
743 1551 866 1615 Pollux.

464 1883 559 1947 ODE
592 1881 715 1947 XXX.
762 1880 815 1960 (m.
832 1890 916 1970 xvv.)

138 2087 145 2093 -
236 2045 353 2107 Exucr
368 2054 601 2105 monumentum
617 2064 677 2105 aere
692 2042 869 2126 perennius,

236 2145 410 2230 Regalique
425 2145 488 2207 situ
503 2144 706 2226 Pyramidum
722 2143 834 2207 altius:

238 2247 330 2324 Quod
344 2268 406 2308 non
422 2245 520 2307 imber
535 2245 624 2320 edax,
639 2266 701 2307 non
717 2245 832 2329 Aquilo
846 2246 1001 2331 impotens
1089 2270 1092 2286 ·

238 2347 342 2412 Possit
357 2347 490 2422 diruere,
502 2358 555 2409 aut
570 2346 803 2410 innumerabilis

215 2502 217 2506 Α
236 2453 398 2513 Annorum
414 2447 516 2524 serieS,
532 2462 563 2511 et
578 2447 653 2531 fuga
668 2461 851 2533 temporum.
890 2494 895 2504 ,

237 2553 310 2615 Non
325 2549 424 2613 omnia
440 2548 561 2626 moriar,
578 2548 736 2634 multaque
750 2573 822 2635 pars
838 2553 897 2616 mei

237 2651 357 2718 Vitabit
374 2650 556 2714 Libitinam.
600 2652 711 2736 Usque
726 2675 783 2737 ego
798 2668 921 2737 postera

236 2758 380 2820 Creseam
396 2753 488 2817 laude
503 2775 619 2831 recens,
635 2755 710 2817 dum
727 2755 916 2839 Capitolium

236 2857 371 2921 Scandet
386 2877 455 2920 cum
472 2855 565 2919 tacita
580 2856 699 2940 virgine
714 2857 863 2940 pontifex.

236 2960 343 3036 Dicar,
373 2980 435 3044 qua
449 2958 566 3022 violens
582 2959 731 3043 obstrepit
748 2960 891 3040 Aufidus,

236 3065 281 3126 Et
295 3084 355 3148 qua
369 3083 487 3146 pauper
503 3084 591 3146 aquae
607 3063 741 3126 Daunus
757 3065 923 3148 agrestium

234 3162 393 3248 Regnavit
409 3163 602 3247 populorum,
633 3187 672 3228 ex
686 3164 797 3227 humili
812 3179 933 3255 potens,

235 3267 384 3348 Princeps
399 3265 535 3327 AEolium
552 3287 674 3329 carmen
691 3267 731 3330 ad
748 3267 844 3331 Italos

235 3367 410 3432 Deduxisse
425 3368 540 3431 modos.
588 3369 682 3432 Sume
697 3369 871 3452 superbiam

235 3469 403 3549 Quaesimm
420 3470 550 3548 meritis,
565 3486 597 3535 et
612 3470 689 3535 mihi
706 3470 862 3556 Delphica

235 3576 340 3640 Lauro
355 3573 445 3657 cinge
460 3574 578 3650 volens,
596 3573 807 3655 Melpomene,
824 3593 952 3636 comam.
