2872 5010
192 411 256 478 246
515 433 545 478 u.
570 429 717 475 nonsrrr
743 427 867 474 ruscea

193 583 342 651 Offendor
357 582 496 660 maerrlis,
511 603 587 668 quas
602 594 656 646 aut
670 580 790 646 incuria
804 578 898 656 fudit,

194 690 263 753 Aut
277 687 412 750 humana
427 707 534 770 parum
551 684 633 748 cavit
648 697 767 747 natura.
812 682 897 759 Quid
912 703 985 765 ergo
1000 687 1073 747 est?

195 791 243 853 Ut
258 790 387 872 scriptor
402 791 427 851 si
440 802 545 872 peceat
561 788 641 851 idem
658 788 799 849 librarius
814 807 923 870 usque,

194 888 348 964 Quamvis
358 906 404 954 est
419 890 566 967 monitus,
577 889 668 952 venia
684 902 786 961 earet;
811 902 841 951 et
857 888 1046 952 citharoedus
1123 892 1191 954 355

194 993 341 1069 Ridetur,
358 993 473 1057 chorda
487 992 540 1076 qui
556 1013 675 1074 semper
690 991 811 1054 oberrat
826 990 951 1053 eadem:

195 1095 248 1159 Sic
263 1095 351 1171 mihi,
367 1096 420 1178 qui
437 1094 570 1156 multum
585 1106 694 1168 cessat,
711 1093 746 1154 fit
762 1091 921 1155 Choerilus
937 1090 1001 1169 ille,

195 1198 294 1274 Quem
310 1195 358 1257 bis
375 1209 481 1277 terque
497 1195 623 1268 honum,
640 1215 708 1255 eum
725 1193 789 1256 risu
805 1193 914 1265 miron
940 1207 972 1256 et
987 1194 1069 1257 idem

180 1297 346 1379 .Indignor
360 1295 543 1379 quandoque
557 1294 657 1357 bonus
672 1294 818 1358 dormitat
833 1291 1016 1358 Homerus?

195 1400 309 1461 Verum
324 1397 408 1481 operi
424 1397 517 1480 longo
531 1396 578 1460 sas
594 1410 639 1461 est
655 1396 801 1479 obrepere
816 1418 966 1460 somnum.
1122 1397 1190 1462 360

195 1502 244 1565 Ut
259 1499 391 1584 pictura,
406 1500 523 1583 po'esis:
541 1501 599 1563 crit
613 1522 694 1584 quae,
711 1500 736 1562 si
750 1499 877 1583 propius
893 1512 953 1562 stes

196 1605 227 1666 T
230 1627 247 1666 e
262 1603 364 1687 capiat
380 1603 489 1684 magis,
505 1617 536 1666 et
547 1603 701 1686 quaedam,
717 1602 742 1664 si
759 1601 881 1685 longius
896 1602 1006 1664 abstes.

196 1706 278 1768 Haee
293 1716 376 1767 amat
390 1704 566 1778 obscurum,
578 1703 659 1766 volet
674 1702 742 1766 hauc
757 1704 815 1766 sub
829 1703 897 1767 luce
913 1702 1021 1779 rideri,

195 1805 320 1869 Judieis
332 1817 473 1888 argutum
491 1827 560 1887 qum
575 1826 634 1866 non
651 1804 796 1867 formidat
810 1825 956 1868 acumen:

195 1905 277 1970 Haee
292 1907 410 1990 placuit
425 1906 529 1981 semel,
548 1906 615 1968 haee
630 1907 731 1969 decies
747 1906 875 1990 repetita
890 1905 1033 1990 placebit,
1122 1903 1191 1971 365

196 2011 225 2071 Ο
241 2010 338 2091 major
347 2009 512 2092 juvenum,
527 2007 666 2090 quamvis
683 2020 713 2069 et
727 2028 801 2069 voce
816 2019 944 2088 paterna

195 2109 341 2193 Fingeris
355 2111 394 2172 ad
410 2122 537 2183 rectum,
553 2122 584 2171 et
599 2129 653 2190 per
670 2122 698 2169 te
711 2107 803 2191 sapis,
819 2107 878 2171 hoe
894 2109 949 2171 tibi
966 2109 1082 2172 dietum

196 2210 290 2274 Tolle
305 2232 437 2284 memor;
462 2209 551 2273 certis
568 2210 703 2273 medium
714 2223 744 2272 et
760 2209 916 2273 tolerabile
932 2211 1022 2273 rebus

197 2312 297 2375 Recte
312 2311 454 2375 concedi:
480 2312 637 2374 consultus
644 2313 724 2394 juris
741 2328 770 2374 et
786 2324 869 2374 actor

196 2415 367 2476 Causarum
384 2411 545 2474 mediocris
561 2413 646 2474 abest
662 2413 776 2474 virtute
791 2412 898 2475 diserti
1122 2412 1191 2496 370

196 2510 354 2585 Messalae,
370 2531 428 2572 nee
439 2509 496 2572 scit
511 2524 659 2592 quantum
678 2509 847 2572 Cascellius
859 2508 975 2582 Aulus;

196 2607 258 2670 Sed
275 2620 376 2669 tamen
393 2606 423 2667 in
441 2606 540 2689 pretio
556 2619 621 2677 est;
646 2606 850 2670 mediocribus
866 2629 931 2670 esse
946 2608 1047 2691 po'etis

195 2706 268 2766 Non
285 2702 435 2778 homines,
452 2725 513 2764 non
530 2703 597 2778 Dii,
611 2725 671 2765 non
689 2725 862 2767 concessere
877 2704 1038 2768 columnae.

194 2798 242 2859 Ut
256 2809 360 2876 gratos
375 2797 455 2858 inter
471 2819 590 2859 mensas
606 2799 790 2881 symphonia
805 2800 920 2864 discors

193 2895 239 2956 Et
253 2913 385 2954 crassum
403 2907 608 2971 unguentum,
624 2909 655 2955 et
672 2896 768 2957 Sardo
784 2919 853 2958 eum
866 2899 957 2963 melle
973 2923 1106 2984 papaver
1119 2899 1186 2982 375

194 2993 384 3064 Offendunt;
408 3003 528 3073 poterat
543 2991 615 3053 duci
630 2993 702 3074 quia
717 3015 805 3056 coeno
820 2997 885 3058 sine
902 2999 989 3064 istist

195 3097 247 3161 Sic
262 3094 372 3159 animis
387 3106 494 3157 natum
510 3093 730 3178 inventumque
745 3095 854 3178 poema
863 3098 1026 3181 juvandis,

195 3199 227 3260 Si
243 3198 369 3280 paulum
386 3220 404 3260 a
420 3218 539 3258 summo
554 3196 696 3274 decessit,
713 3197 813 3281 vergit
828 3201 868 3263 ad
883 3202 989 3267 imum.

193 3299 319 3361 Ludere
334 3298 387 3380 qui
403 3297 500 3359 nescit
516 3299 736 3378 campestribus
752 3301 884 3365 abstinet
899 3306 1000 3383 armis,

193 3396 401 3478 Indoctusque
416 3395 487 3476 pilm
504 3397 619 3458 discive
631 3399 769 3464 trochive
784 3403 924 3486 quiescit,
1116 3410 1185 3473 380

192 3498 244 3560 Ne
259 3495 366 3579 spissae
382 3495 477 3558 risum
494 3496 605 3559 tollant
621 3497 747 3582 impune
762 3525 900 3568 corouae:

192 3598 254 3675 Qui
271 3599 379 3676 nescit,
392 3621 498 3663 versus
514 3613 616 3664 tamen
632 3603 726 3667 audet
740 3604 869 3689 lingere!
894 3606 922 3678 ll
939 3605 1088 3684 Quidni?

193 3701 290 3764 Liber
304 3717 334 3763 et
349 3701 515 3785 ingenuus,
531 3707 699 3788 praesertim
713 3729 822 3770 census
837 3723 1007 3792 equestrem

193 3803 350 3865 Summam
367 3825 573 3881 nummorum,
590 3808 726 3891 vitioque
741 3825 875 3873 remotus
889 3813 928 3875 ab
943 3814 1037 3877 omni.

191 3904 219 3972 il
235 3905 290 3964 Tu
305 3902 381 3964 nihil
398 3904 496 3965 invita
510 3905 594 3966 dices
609 3906 740 3970 faciesve
757 3910 920 3986 Minerva;
1115 3921 1181 3983 385

192 4006 232 4067 Id
249 4004 303 4066 tibi
314 4004 467 4086 judicium
484 4017 541 4081 est,
557 4027 592 4066 ea
608 4027 710 4069 mens:
735 4011 836 4093 siquid
852 4026 954 4078 tamen
969 4016 1042 4080 olim

194 4104 368 4186 scripseris,
385 4105 416 4164 in
435 4107 529 4168 direci
541 4105 705 4169 descendat
717 4110 833 4186 judicis
848 4137 947 4190 arum,
