2872 5010
477 490 718 534 nrissonnnun
743 494 809 536 nin.
837 497 858 536 ι.
882 479 913 539 2,
1135 483 1192 565 171

201 633 292 709 Quod
305 634 406 719 petiit,
418 638 546 719 spernit,
561 641 674 724 repetit
688 644 771 727 quod
786 666 885 731 nuper
898 648 1022 714 omisit?

198 735 336 814 AEstnat‚
351 749 383 800 et
397 738 470 802 vitae
485 740 679 807 disconvenit
694 746 802 812 ordine
817 754 905 813 toto?

199 835 317 914 Dimit,
330 838 475 918 aedificat,
492 855 592 908 mutat
607 846 760 930 quadrata
775 851 942 916 rotundis?
1129 857 1194 922 100

198 939 445 1025 Insanireputas
461 944 599 1010 solennia
615 969 674 1025 me,
690 971 789 1036 neque
804 951 896 1030 rides,

195 1040 263 1104 Nec
278 1044 389 1108 medici
405 1047 503 1110 credis
518 1070 575 1112 nec
591 1052 739 1115 curatoris
755 1076 845 1137 egere

196 1142 228 1202 A
243 1158 374 1226 praetore
389 1146 465 1225 dati,
481 1171 582 1213 rerum
600 1153 697 1217 tutela
711 1176 849 1219 mearum

197 1243 277 1305 Cum
294 1244 346 1323 sis,
357 1259 388 1310 et
402 1269 496 1331 prave
510 1267 627 1316 sectum
643 1257 843 1323 stomacheris
858 1262 898 1325 ob
913 1283 1050 1346 unguem

197 1345 246 1407 De
262 1357 292 1408 te
305 1346 481 1429 pendentis,
498 1363 528 1415 te
542 1354 735 1438 respicientis
751 1360 853 1424 amici.
1065 1421 1068 1428 .
1124 1368 1187 1432 105

190 1445 241 1508 Ad
257 1467 420 1525 summam,
435 1450 556 1534 sapiens
572 1475 634 1517 uno
650 1457 750 1521 minor
764 1474 811 1523 est
826 1463 922 1540 Jove,
934 1465 1033 1542 dives,

192 1546 302 1623 Liber,
318 1548 498 1629 honoratus,
514 1553 655 1637 pulcher,
670 1578 725 1620 rex
740 1559 1011 1648 deniquetegum3

191 1649 353 1733 Praecipue
368 1673 471 1729 sanus,
487 1652 548 1716 nisi
559 1676 629 1718 cum
645 1656 759 1739 pituita
773 1662 901 1727 molesta
914 1678 970 1729 est.

486 1899 874 1916 Μ.

523 2081 761 2149 EPISTOLA
785 2087 835 2151 lI.

565 2288 612 2329 An
636 2289 800 2335 nonnum.

185 2453 345 2514 Tnoinni
361 2449 434 2514 belli
453 2449 643 2534 scriptorem,
664 2455 797 2519 maxime
813 2456 910 2534 Lolli,

184 2554 270 2616 Dum
286 2566 321 2616 tu
337 2553 491 2617 declamas
507 2554 630 2632 Romae,
641 2555 800 2622 Pru-neate
815 2559 932 2644 relegi3

184 2655 257 2732 Qui,
269 2654 345 2738 quid
361 2653 401 2717 sit
415 2652 592 2738 pulchrum,
608 2655 683 2739 qnid
699 2669 800 2742 turpe,
815 2660 891 2745 quid
906 2663 994 2742 utile,
1006 2665 1081 2750 quid
1100 2688 1176 2746 non,

181 2755 310 2820 Planius
325 2779 361 2820 ac
377 2755 487 2820 melius
503 2755 681 2841 Chrysippo
697 2771 728 2821 et
745 2761 894 2827 Crantore
910 2764 996 2829 dicit.

181 2861 247 2923 Cur
262 2859 306 2923 ita
320 2859 515 2937 crediderim,
527 2859 587 2922 nisi
602 2859 676 2944 quid
693 2874 723 2924 te
738 2861 867 2942 detinet,
882 2866 966 2930 audi.
1154 2875 1175 2935 5

181 2963 312 3041 Fabula,
327 2985 387 3046 qua
399 2961 520 3026 Paridis
535 2974 660 3045 propter
674 2978 817 3028 narratur
830 2988 963 3032 amorem

180 3065 303 3129 Graecia
319 3064 476 3131 Barbariae
490 3065 575 3129 lento
590 3064 697 3129 collisa
711 3066 826 3147 duello,

180 3168 350 3231 Stultorum
367 3188 473 3251 regum
490 3179 521 3229 et
530 3166 716 3252 populorum
732 3169 870 3233 continet
885 3185 988 3235 aestus.

178 3273 322 3333 Antenor
336 3281 440 3331 censet
455 3268 528 3331 belli
543 3269 711 3352 praecidere
726 3293 861 3335 causam.

178 3371 263 3443 Quid
273 3371 384 3434 Paris?
421 3382 457 3433 ut
473 3370 575 3435 salvus
591 3385 710 3456 regnet,
726 3374 872 3460 vivatque
885 3377 1005 3449 beatus,
1130 3382 1171 3444 lo

177 3475 257 3560 Cogi
273 3497 361 3560 posse
376 3488 478 3559 negat.
526 3476 640 3538 Nestor
649 3497 839 3559 componere
853 3476 924 3541 lites

176 3578 263 3642 Inter
277 3578 406 3642 Peliden
422 3576 549 3640 festinat
563 3589 594 3639 et
609 3577 690 3639 inter
704 3576 857 3640 Atriden:

177 3682 274 3743 Hunc
289 3701 384 3755 amor,
399 3671 445 3741 ira
460 3676 584 3761 quidem
601 3675 805 3739 communiter
821 3678 883 3742 urit
899 3693 1074 3769 utrumque.

176 3780 333 3865 Quicquid
349 3777 483 3842 delirant
497 3799 603 3860 reges3
628 3775 807 3860 plectuntur
824 3780 951 3845 Achivi.

175 3882 344 3955 Seditione,
361 3879 451 3959 dolis,
464 3878 587 3958 scelere,
601 3892 693 3966 atque
707 3879 835 3948 libidine
849 3898 881 3949 et
895 3884 950 3964 ira,
1126 3892 1168 3953 15

175 3987 288 4050 Iliacos
302 3984 383 4050 intra
399 4005 502 4048 muros
518 3997 674 4069 peccatur,
690 3998 721 4048 et
736 4001 831 4051 extra.

174 4091 307 4166 Rursus,
323 4087 398 4172 quid
413 4088 511 4152 virtus
527 4087 648 4173 etquid
664 4088 815 4173 sapricntia
832 4092 939 4174 possit,

173 4191 263 4255 Utile
278 4189 436 4276 proposuit
447 4190 536 4255 nobis
551 4191 706 4275 exemplar
721 4193 889 4276 Ulyssem3
