2872 5010
462 498 651 543 coturnum
675 496 742 540 am.
760 497 804 540 m.
830 479 882 541 15.

264 652 391 740 injecit,
406 649 582 734 emovitque
596 648 713 734 culpae,

304 758 351 820 Et
364 766 483 818 veterea
496 751 654 816 revocavit
667 763 768 828 artee;

217 856 280 922 Per
294 879 369 944 quaa
385 856 537 920 Latinum
551 875 664 918 nomen
679 866 711 918 et
726 852 819 917 Italae

219 959 354 1025 Crevere
368 957 461 1036 viree,
476 956 630 1042 famaque,
645 968 678 1020 et
691 953 803 1040 imperi

260 1060 406 1125 Porreeta
419 1059 564 1145 majestas
579 1058 735 1123 adortum

303 1161 385 1226 Solis
398 1162 438 1226 ab
452 1159 608 1246 Hesperio
622 1159 728 1225 cubili.

218 1262 357 1328 Custode
369 1285 472 1328 rerum
489 1263 625 1340 Coeeare,
639 1283 705 1326 non
718 1261 804 1326 furor
830 1301 832 1306 -

218 1359 343 1439 Civilis,
358 1371 413 1424 aut
427 1359 475 1422 via
490 1359 594 1442 exiget
608 1358 706 1421 otium
719 1382 729 1430 ;

261 1461 293 1524 N
295 1483 334 1524 on
350 1461 406 1538 ira,
418 1478 490 1544 quae
505 1457 649 1544 procudit
663 1478 763 1534 enses,

308 1563 354 1626 Et
367 1561 494 1624 miserus
509 1558 650 1623 inimicat
664 1559 767 1622 urbes.

219 1665 304 1743 Non,
318 1663 372 1748 qui
386 1661 576 1747 profundum
592 1658 776 1725 Danubium
786 1659 908 1736 bibunt,

218 1767 335 1831 Edicta
348 1776 494 1849 rumpent
508 1763 619 1838 Julia;
643 1784 705 1826 non
720 1764 826 1841 Getae,

261 1869 336 1933 Non
351 1867 441 1931 Seres
456 1864 583 1930 infidive
597 1866 712 1944 Peraoe,

305 1969 379 2033 Non
395 1967 520 2032 Tanain
532 1989 627 2053 prope
640 1967 756 2033 flumen
771 1968 841 2031 orti.

219 2070 346 2156 Nosque
359 2083 392 2135 et
401 2068 546 2155 profestis
560 2070 682 2135 lucibus
696 2083 728 2136 et
742 2070 847 2145 saeris,

221 2172 309 2235 Inter
317 2171 418 2256 jocosi
431 2192 561 2235 munera
576 2172 696 2249 Liberi,

262 2272 344 2337 Cum
358 2272 444 2358 prole
458 2272 666 2357 matronisque
680 2273 804 2348 nostrie,

305 2374 382 2439 Rite
397 2376 484 2438 Deoe
496 2374 583 2458 priua
599 2373 769 2459 adprecati‚

220 2474 345 2541 Virtute
358 2475 492 2555 femmae,
507 2498 592 2540 more
607 2489 741 2561 patrum,
756 2476 862 2554 duces,

220 2577 323 2662 Lydia
335 2579 467 2643 remixto
481 2577 615 2643 carmine
630 2577 726 2655 tibiie,

262 2680 453 2765 Trojamque
467 2693 499 2744 et
512 2678 676 2744 Anchisen
690 2691 723 2742 et
735 2678 825 2743 almae

306 2782 490 2866 Progeniem
506 2782 635 2847 Veneris
649 2802 801 2848 eanemua.
