2872 5010
452 479 695 523 nrrsronanuu
720 477 787 520 nra.
811 477 849 520 ιι.
873 458 901 518 2.
1112 456 1173 518 231

179 629 256 692 Post
266 628 337 693 haec
353 628 406 694 ille
418 641 517 708 catus,
535 626 735 714 quantumvis
749 626 894 705 rusticus,
912 625 989 704 Ibit,

183 730 248 795 Ibit
262 732 444 817 eoquovis,
459 732 632 816 quizonam
643 728 792 815 perdidit,
812 727 924 813 inquit
1134 729 1176 790 tu

182 833 294 897 Romae
304 833 416 920 nutriri
431 833 508 896 mihi
525 833 656 917 contigit
671 845 764 916 atque
776 830 891 908 doceri,

183 935 288 1000 lratus
301 936 407 1001 Graiis
422 948 572 1019 quantum
587 935 743 999 nocuisset
757 931 896 997 Achilles
910 955 917 994 :

182 1036 332 1121 Adjecere
344 1037 436 1100 bonae
445 1036 539 1122 paulo
554 1037 625 1121 plus
640 1037 714 1101 artis
729 1033 884 1108 Athenae;

183 1136 307 1201 Scilicet
323 1151 358 1201 ut
373 1160 493 1223 possem
510 1160 604 1201 curvo
619 1137 799 1222 dignoscere
815 1148 946 1212 rectum,

181 1240 284 1322 Atque
294 1239 376 1303 inter
386 1238 489 1322 sylvas
504 1239 652 1303 Academi
668 1261 805 1324 quaerere
817 1259 935 1302 verum.
1132 1235 1173 1297 45

181 1341 270 1404 Dura
287 1342 343 1405 sed
358 1363 497 1405 emovere
509 1341 576 1404 loco
588 1363 636 1403 me
649 1354 787 1424 tempora
802 1355 891 1423 grato
903 1365 912 1413 ;

183 1441 354 1528 Civilisque
369 1444 475 1507 rudem
491 1442 565 1505 belli
578 1441 650 1504 tulit
665 1452 759 1503 aestus
776 1440 807 1502 in
820 1461 916 1515 arma,

182 1542 314 1607 Caesaris
328 1544 464 1627 Augusti
479 1566 541 1607 uon
553 1564 737 1626 responsura
752 1541 885 1606 lacertis.

182 1642 277 1706 Unde
292 1644 385 1708 simul
400 1645 532 1729 primum
545 1667 594 1707 me
606 1644 751 1708 dimisere
767 1643 921 1728 Philippi,

182 1744 304 1808 Decisis
315 1745 464 1810 humilem
480 1746 601 1830 pennis,
618 1746 802 1831 inopemque
814 1747 937 1832 paterni
1132 1746 1175 1808 50

182 1848 228 1910 Et
238 1846 311 1910 laris
326 1862 357 1911 et
367 1848 469 1924 fundi,
481 1862 645 1932 paupertas
661 1850 786 1933 impulit
801 1829 915 1914 audax·

170 1948 231 2011 -Ut
248 1970 355 2013 versus
370 1949 520 2015 facerem:
544 1952 610 2029 sed,
626 1952 709 2036 quod
724 1974 786 2015 non
802 1951 893 2029 desit,
911 1951 1078 2016 habentem

184 2052 263 2128 Quae
277 2064 424 2136 poterunt
439 2075 574 2137 unquam
590 2055 663 2117 satis
679 2077 850 2139 expurgare
865 2055 988 2133 cicutae,

182 2155 227 2218 Ni
241 2155 352 2219 melius
366 2156 499 2219 dormire
519 2169 623 2238 putem
640 2178 732 2240 quam
749 2159 881 2221 scribere
896 2163 1031 2222 versus?

184 2257 314 2342 Singula
328 2260 368 2323 de
378 2259 468 2323 nobis
483 2257 554 2321 anni
570 2258 749 2341 praedantur
763 2271 891 2330 euntes;
1134 2259 1177 2320 55

184 2361 337 2446 Eripuere
352 2361 452 2446 jocos,
476 2381 630 2437 venerem,
646 2359 799 2436 convivia,
816 2359 946 2433 ludum;

184 2464 337 2527 Tendunt
352 2476 531 2548 extorquere
548 2472 709 2547 poemata:
733 2462 809 2547 quid
824 2461 934 2526 faciam
953 2462 1025 2525 vis?

184 2566 328 2652 Denique
343 2589 404 2629 non
415 2588 520 2629 omnes
536 2566 641 2629 eadem
659 2565 809 2629 mirantur
824 2577 1009 2649 amantque:

184 2669 331 2732 Carmine
346 2681 380 2731 tu
394 2669 531 2751 gaudes;
555 2667 607 2732 lric
622 2668 793 2731 delectatur
809 2667 947 2742 lambis;

185 2771 247 2833 Ille
262 2770 389 2833 Bioneis
405 2772 607 2848 sermonibus,
623 2783 654 2833 et
670 2770 733 2833 sale
748 2769 845 2853 nigro.
1134 2765 1178 2833 60

185 2875 267 2937 Tres
283 2872 359 2936 mihi
375 2874 515 2937 convivae
531 2896 625 2957 propo
641 2872 802 2936 dissentire
818 2872 974 2951 videntur,

185 2976 352 3039 Poscentes
367 2975 452 3037 vario
468 2977 601 3039 multum
616 2977 738 3040 diversa
752 2977 866 3060 palato.

185 3077 270 3156 Quid
284 3079 381 3141 dem?
404 3078 480 3160 quid
495 3100 557 3139 non
573 3080 669 3141 dem?
691 3080 795 3141 renuis
812 3091 857 3154 tu,
873 3078 956 3163 quod
966 3078 1060 3160 jubet
1074 3076 1173 3146 alter;

184 3180 277 3256 Quod
292 3180 383 3260 petis,
398 3179 432 3240 id
446 3199 519 3240 sane
533 3191 579 3240 est
591 3179 724 3241 invisum
736 3180 921 3264 acidumque
932 3180 1062 3243 duobus.

185 3284 305 3345 Praeter
320 3292 442 3355 caetera,
458 3300 508 3343 me
524 3281 674 3343 Romaene
689 3291 832 3364 poe'mata
847 3304 953 3346 censes
1134 3276 1177 3343 65

186 3383 325 3447 Scribere
339 3403 438 3466 posse,
454 3383 535 3448 inter
551 3396 597 3448 tot
612 3407 710 3462 curas,
732 3398 838 3469 totque
853 3387 994 3450 labores?

185 3485 251 3548 Hic
266 3507 411 3569 sponsum
427 3500 528 3563 vocat,
541 3486 593 3552 hic
604 3488 745 3550 auditum
757 3488 882 3568 scripta,
898 3487 1013 3550 relictis

132 3612 138 3623 ·
186 3587 339 3651 Omnibus
354 3588 480 3652 officiis:
506 3588 599 3650 cubat
617 3588 668 3648 hic
683 3586 715 3645 in
733 3584 810 3647 colle
825 3586 960 3661 Quirini,

186 3689 252 3753 Hic
267 3703 403 3753 extremo
419 3689 450 3749 in
464 3686 642 3756 Aventin03
668 3683 813 3746 visendus
828 3697 976 3768 uterque;

187 3788 358 3852 Intervalla
374 3786 460 3848 vides
474 3784 610 3847 humane
625 3782 794 3846 commoda.
841 3784 868 3856 ll
885 3785 999 3848 Verum
1136 3787 1179 3865 70

188 3891 281 3952 Purae
296 3901 369 3952 sunt
384 3887 508 3971 plateae,
528 3884 608 3949 nihil
623 3898 658 3949 ut
673 3885 894 3952 meditantibus
906 3889 1017 3951 obstet.

187 3992 330 4055 Festinat
343 3990 462 4055 calidus
477 3988 570 4051 mulis
590 3989 765 4075 gerulisque
786 3992 961 4064 redemtor;

187 4094 330 4177 Torquet
343 4115 426 4156 nrruc
441 4092 588 4175 lapidem,
604 4115 687 4156 nunc
703 4092 812 4176 ingens
828 4093 971 4159 machina
991 4094 1111 4180 tignum
1126 4120 1134 4167 ;

190 4195 310 4260 'l‘ristia
325 4195 458 4259 robustis
473 4195 630 4258 luctantur
645 4195 752 4260 funera
770 4195 918 4278 plaustris
932 4221 941 4269 ;
