2872 5010
272 449 336 515 152
591 469 623 513 e.
647 458 793 510 uouurrr
819 464 942 508 uuuccr

315 619 422 682 Cursor
436 616 580 700 Hispone
594 616 706 700 repetit
722 629 848 700 penates
974 618 975 621 ’

446 717 553 781 Victor
567 717 607 781 ab
621 738 683 780 oro.

314 820 419 884 Unico
433 819 574 904 goudeue'
587 817 697 884 mulier
712 817 834 890 marito,

316 920 464 996 Prodeot,
473 919 569 1005 justis
584 934 709 1004 operate
723 917 817 981 Divis
832 942 841 991 ;

315 1022 361 1085 Et
375 1043 459 1085 soror
473 1021 547 1085 clari
559 1021 658 1097 ducis,
673 1033 706 1083 et
720 1019 840 1084 deoorae
903 1023 908 1029 '

444 1121 592 1206 Supplice
606 1121 685 1185 vitto

316 1222 479 1306 Virginum
493 1237 616 1300 matres,
626 1223 840 1306 juvenumque
855 1241 955 1304 nuper

317 1325 490 1408 Sospitum:
514 1346 569 1388 vos
586 1327 614 1388 0
630 1322 730 1407 pueri,
745 1338 776 1387 et
790 1321 904 1412 puellae
1024 1329 1027 1333 ’

316 1427 390 1490 Jam
403 1426 504 1490 virum
520 1441 666 1515 expertae,
682 1425 762 1489 mele
777 1423 955 1489 iuominutis

445 1528 569 1593 Parcite
580 1527 693 1592 verbio.

317 1628 383 1693 Hic
398 1629 464 1693 dieo
480 1651 551 1693 vere
565 1629 642 1693 mihi
657 1629 755 1693 festus
769 1642 851 1695 etms

316 1730 444 1796 Eximet
459 1753 561 1794 curas:
586 1753 644 1816 ego
659 1752 717 1795 uec
732 1730 912 1808 tumultum,

316 1833 347 1897 N
350 1855 385 1896 ec
399 1832 476 1895 mori
490 1853 545 1917 per
560 1831 622 1895 vim
640 1847 785 1911 metuam,
802 1846 926 1897 tenente

446 1932 570 1996 Caesare
585 1949 690 1998 tems.

317 2037 348 2112 1,
364 2047 434 2119 pete
449 2046 654 2118 unguentum,
670 2055 756 2118 puer,
774 2050 805 2098 ct
820 2057 962 2113 corones,

316 2138 362 2202 Et
376 2132 486 2200 cadum
501 2132 599 2199 Marsi
615 2157 782 2199 memorem
802 2137 919 2210 duelii;

317 2242 499 2323 Spartacum
515 2236 602 2321 siquo
616 2238 718 2322 potuit
735 2254 899 2323 vagantem

263 2422 270 2433 ι
448 2339 570 2403 Fallere
585 2352 674 2403 testu.

317 2445 426 2509 Dicet
441 2455 560 2526 argutae
575 2453 717 2525 properet
733 2442 854 2506 Neaerae

318 2542 505 2629 Myrrheum
519 2542 601 2606 uodo
617 2541 761 2606 cohibere
776 2543 906 2607 crinem:

318 2645 353 2710 Si
366 2666 421 2730 per
435 2642 569 2706 invisum
586 2664 670 2708 moro
678 2643 847 2728 janitorem

446 2743 528 2821 Fiet,
538 2743 632 2808 abito.

317 2845 416 2911 Leuit
430 2843 587 2906 albescens
602 2842 720 2907 animos
735 2845 867 2929 copillue

319 2946 439 3013 Litium
451 2956 483 3008 et
493 2943 569 3006 rixae
583 2942 712 3026 cupidos
727 2958 889 3027 protervae.

319 3051 392 3115 Non
404 3069 462 3131 ego
473 3045 533 3109 hoc
547 3046 668 3122 ferrem,
682 3044 801 3109 calidus
810 3047 953 3131 juventa,

449 3147 585 3212 Consule
600 3145 727 3221 Planco.

583 3520 678 3584 ODE
704 3518 780 3583 XV.
827 3516 881 3595 (u.
898 3471 968 3601 xvi

665 3714 702 3758 IN
727 3714 894 3761 curuum.

323 3865 425 3930 Uxor
441 3860 585 3945 pauperis
597 3862 697 3945 Ibyci,

365 3961 510 4030 Tandem
525 3963 672 4044 nequitiae
687 3965 746 4047 fige
762 3965 886 4028 modum
902 3975 975 4040 tum,

323 4064 523 4150 Pomosisque
538 4062 711 4140 laboribus:

367 4169 496 4233 Maturo
510 4163 633 4250 propior
648 4165 754 4232 desine
768 4165 869 4231 funeri
945 4231 947 4237 Α
