2872 5010
191 451 254 513 100
511 470 544 516 o·
567 469 711 511 notarri
738 469 860 511 resecr

459 705 556 768 01)ss
581 703 693 767 xvll.
738 706 793 775 (rr.
808 706 896 781 xix.)

523 896 569 937 ΑΙ)
594 894 842 937 rumunne-

232 1026 349 1088 Vnsox
364 1046 521 1088 amoenum
535 1046 617 1108 sepe
633 1023 823 1087 Lucretilem

233 1129 341 1190 Mutat
356 1127 472 1209 Lyoaeo
487 1126 625 1200 Faunus,
640 1138 671 1187 et
686 1124 809 1207 igneam

272 1227 423 1293 Defendit
436 1240 573 1290 aeataoem
588 1224 715 1309 capellis

316 1330 425 1414 Usque
439 1329 515 1392 meis
528 1326 712 1412 pluviosque
725 1339 845 1390 ventor.

232 1431 365 1514 Impune
380 1446 481 1493 tutum
495 1451 550 1514 per
564 1450 673 1492 nemus
687 1429 811 1493 arbutos

229 1533 383 1609 Qnoemnt
396 1533 527 1596 latentes
541 1547 572 1595 et
587 1531 695 1615 thyma
709 1531 808 1594 deviae

273 1633 397 1698 Olentis
411 1657 521 1698 uxores
536 1634 658 1705 mariti3

317 1738 385 1800 Nec
399 1737 513 1801 virides
527 1749 669 1800 metuunt
683 1733 834 1809 ooiubrm,

230 1839 298 1901 Nec
314 1839 468 1903 martiales
482 1838 633 1902 haduleae
644 1836 746 1920 lupos

230 1939 400 2024 i'tmnque
414 1939 511 2015 dauci,
528 1938 683 2021 Tyndari,
698 1936 803 1999 fistula

273 2040 387 2115 Valles,
402 2054 433 2102 et
448 2039 569 2101 Ustica²
582 2037 723 2100 cubantis

315 2140 416 2205 Levia
428 2161 612 2225 personuere
626 2160 708 2202 saxa.

229 2241 285 2304 Dii
299 2263 350 2306 me
364 2256 509 2313 tuentum
535 2242 607 2306 Diis
620 2240 719 2326 pietas
733 2260 801 2304 mea

228 2343 274 2406 Et
288 2365 377 2407 musa
390 2345 475 2408 cordi
490 2358 546 2408 est.
592 2343 658 2407 Hic
672 2341 729 2406 tibi
743 2342 831 2426 copia

272 2446 418 2510 Manebit
431 2447 472 2510 ad
486 2447 612 2531 plenum
628 2443 763 2528 benigno

314 2547 411 2609 Ruris
425 2547 576 2610 honorum
590 2548 737 2632 opulenta
751 2567 854 2610 cornu.

233 2643 299 2706 Hic
313 2645 346 2707 in
360 2647 489 2709 reducta
503 2648 584 2711 valle
599 2649 747 2712 caniculae

228 2745 348 2807 viabis
363 2760 469 2821 aestus,
484 2761 516 2808 et
530 2747 593 2810 fide
609 2750 693 2811 Teia

269 2845 365 2908 Dices
380 2845 554 2909 laborantes
568 2847 601 2907 in
616 2869 678 2907 uuo

312 2946 490 3030 Penelopen
505 2945 696 3027 vitreamque
712 2945 833 3008 Circen.

227 3046 293 3111 Hic
304 3047 476 3111 innocentis
490 3045 602 3130 pocula
617 3045 725 3110 Lesbii

225 3148 332 3212 Duces
347 3148 405 3212 sub
419 3148 546 3219 umbra;
570 3169 627 3212 nec
643 3147 813 3213 Semeleius

266 3250 349 3313 Cum
365 3251 470 3313 Marte
484 3250 653 3314 confundet
666 3251 838 3333 Thyoneus

308 3350 442 3423 Proelia3
468 3371 525 3414 nec
538 3365 657 3413 metues
671 3364 848 3433 protervum

224 3452 374 3536 Suspecta
389 3454 519 3536 Cyrum,
537 3473 576 3514 ne
590 3451 671 3514 male
685 3450 802 3533 dispari

223 3550 455 3616 lucontinentes
470 3552 590 3636 injiciat
604 3573 725 3625 manus,

265 3654 310 3717 Et
325 3653 445 3717 scindat
459 3652 629 3719 haerentem
641 3677 783 3720 coronam

307 3754 465 3830 Crinibus,
481 3754 727 3843 immeritamque
742 3770 867 3821 vestem.

497 4052 861 4062 Μ...-
