2948 5422
219 437 282 512 128
513 480 517 485 -
542 457 572 502 o.
597 453 742 497 noanrvr
768 453 890 500 resecr

512 690 710 769 ODRXV.
757 688 809 765 (u.
834 691 920 771 xix.)

263 845 285 904 J
289 864 339 905 aar
355 863 453 926 pauca
468 859 567 905 aratro
577 842 689 925 jugera
704 841 796 924 regine

265 943 368 1006 Moles
383 942 569 1026 relinquent;
591 942 727 1026 undique
742 941 835 1005 latius

306 1046 444 1108 Extcnta
459 1044 597 1107 visentur
612 1043 751 1121 Lucripo

350 1144 468 1228 Stagna
482 1142 562 1222 lacu,
577 1143 780 1228 platanusque
802 1145 918 1209 coelcbs

265 1245 398 1308 Evincet
413 1244 532 1308 ulmos:
557 1258 622 1308 tum
638 1244 777 1322 violaria,
793 1259 825 1309 et

264 1348 403 1430 Myrtus,
419 1358 450 1409 et
465 1346 564 1410 omnis
579 1346 667 1430 copia
681 1346 815 1423 narium,

227 1494 230 1499 -
311 1449 464 1531 Spargent
479 1447 600 1511 olivetis
613 1447 750 1525 odorem

350 1549 517 1613 Fertilibus
532 1549 657 1612 domino
670 1548 765 1633 priori
778 1573 785 1611 :

266 1652 351 1712 Tum
367 1650 464 1734 spissa
478 1650 571 1713 ramis
586 1650 691 1715 laurea
703 1650 839 1715 fervidos

266 1750 422 1814 Excludet
436 1751 525 1815 ictus.
570 1752 644 1814 Nou
658 1752 702 1816 ita
718 1752 847 1816 Romuli

308 1851 529 1934 Praescriptum
545 1864 575 1915 et
590 1852 705 1915 intonsi
721 1853 850 1917 Catonis

350 1951 521 2035 Auspiciis,
537 1965 737 2036 veterumque
751 1974 868 2015 norma.

266 2053 412 2116 Privatus
426 2052 488 2115 illis
503 2074 612 2116 census
627 2067 692 2116 crat
713 2053 826 2129 brevis,

265 2158 438 2218 Commune
453 2175 620 2239 magnum:
644 2153 730 2218 nulla
744 2153 939 2238 decempedis

307 2256 429 2319 Motata
443 2255 573 2340 privatis
587 2277 713 2339 opacam

351 2357 495 2422 Porticus
510 2357 683 2442 excipiebat
696 2359 817 2422 Arcton
830 2382 839 2430 ς

267 2463 334 2525 Nec
348 2460 508 2524 fortuitum
526 2482 668 2544 spernere
682 2458 828 2544 cespitem

269 2564 370 2646 Leges
386 2562 539 2640 sinebant,
554 2562 669 2646 oppida
683 2560 808 2645 publico

311 2666 423 2726 Sumtu
433 2663 579 2746 jubentes
593 2675 625 2727 et
640 2662 778 2726 Deorum

353 2762 488 2847 Templa
502 2785 583 2826 novo
597 2764 741 2826 decorare
755 2784 838 2825 saxo.

621 2964 920 2973 -—-—-...—.-..-—.

505 3117 600 3181 ODE
624 3115 722 3179 XVI.
755 3109 937 3195 (inmun.)

483 3282 530 3322 AD
558 3280 738 3323 POMPEIUM
767 3278 960 3322 GROSI’HUM.

271 3397 389 3458 O'rrunr
407 3393 507 3455 Divos
520 3406 609 3475 rogat
629 3391 661 3454 in
677 3405 802 3474 patente

272 3497 407 3568 l‘rcnsus
423 3495 547 3577 AEgaeo,
563 3492 654 3556 simul
669 3505 736 3556 atra
750 3493 847 3556 nubes

272 3595 422 3659 Condidit
438 3595 573 3672 Lunam,
586 3615 686 3679 neque
701 3607 783 3659 certa
796 3593 918 3678 fulgent

402 3694 511 3760 Sidera
525 3697 645 3761 nautis:

271 3797 380 3862 Otium
394 3797 476 3860 bello
496 3797 612 3861 furiosa
628 3799 764 3876 Thrace,

272 3899 380 3965 Otium
396 3898 485 3961 Medi
500 3898 643 3981 pharetra
658 3900 771 3975 decori,

274 3999 428 4084 Grosphe‚
444 4020 505 4062 non
521 3998 650 4081 gemmis
670 4020 769 4082 neque
783 4020 919 4082 purpura
935 4021 986 4062 ve·

401 4099 482 4174 nale,
498 4121 554 4162 nec
568 4120 649 4162 auro.
