2872 5010
252 425 294 486 le
572 443 604 485 u.
628 439 773 480 rronsru
800 439 923 480 russei

252 597 356 668 Esset,
372 590 559 677 quaesisere3
583 589 666 670 quod
682 609 751 650 acer
767 587 893 671 spiritus
907 611 944 650 ac
959 591 1006 651 sis

251 696 320 758 Nee
334 693 434 756 verbis
448 712 506 753 nec
521 690 612 753 rebus
627 690 726 759 inest;
751 688 810 751 nisi
824 689 908 772 quod
922 690 1002 773 pede
1015 706 1099 753 certo

252 796 365 860 Diffcrt
381 793 523 857 sermoni.
547 814 644 853 sermo
661 813 772 852 merus.
818 791 844 859 ‘2
861 795 905 852 At
920 809 1008 873 pater
1023 793 1135 856 ardens

253 898 361 973 Saerit,
383 895 467 980 quod
481 893 639 955 meretrice
654 914 749 975 nepos
764 892 891 954 insonus
904 894 1003 955 amics

252 998 365 1072 Filius,
388 1016 512 1058 uxorem
528 993 638 1076 grandi
654 1016 724 1055 cum
741 994 813 1056 dote
827 1009 959 1067 recuset,
1201 1001 1245 1061 50

253 1099 369 1164 Ebrius
384 1112 415 1160 et
432 1092 591 1178 (magnum
607 1095 691 1178 quod
707 1095 853 1170 dedecus)
869 1094 1008 1158 ambulet
1021 1111 1095 1160 ente

253 1203 383 1264 Noctem
400 1219 469 1261 cum
484 1196 612 1258 facibus.
659 1196 686 1264 Ἱῖ
699 1197 863 1279 Numquid
880 1197 1070 1280 Pomponius
1084 1198 1154 1262 istis

254 1301 390 1364 Audiret
404 1298 530 1372 leviore,
553 1309 641 1378 pater
656 1296 681 1358 si
698 1296 815 1360 viveret
825 1299 973 1381 ?-Ergo

254 1403 326 1465 Non
342 1402 416 1464 satis
431 1413 478 1462 est
493 1399 579 1481 puris
595 1420 714 1460 versum
731 1399 920 1482 perscribere
933 1400 1053 1473 verbim

254 1507 355 1581 Quem
370 1503 396 1564 si
411 1501 571 1576 dissolves,
587 1501 690 1585 quivis
707 1501 916 1564 stomachetur
929 1503 1036 1566 eodem
1202 1509 1245 1568 55

256 1609 326 1683 Quo
340 1619 521 1689 personatus
535 1618 626 1687 poeto
640 1618 737 1686 poter.
784 1603 857 1679 His,
872 1626 930 1686 ego
943 1626 1014 1688 quae
1028 1627 1122 1682 nunc,

256 1709 341 1773 Olim
357 1731 426 1792 quae
441 1706 564 1790 scripsit
580 1704 734 1777 Lucilius,
751 1705 863 1788 eripias
877 1705 902 1767 si

257 1812 415 1894 Tempora
424 1824 507 1872 certo
516 1807 694 1890 modosque,
706 1822 738 1869 et
746 1808 829 1890 quod
838 1808 924 1889 prius
933 1808 1040 1870 ordine
1050 1809 1177 1872 verbum
1187 1825 1246 1887 est,

257 1912 416 1975 Posterius
430 1911 535 1984 facins,
551 1929 732 1990 praeponens
747 1909 857 1968 ultimo
872 1908 997 1988 primis;

257 2014 342 2088 Non,
358 2025 393 2073 ut
408 2011 433 2072 si
448 2009 559 2082 solves,
583 2010 604 2040 ‘⁶
621 2010 790 2090 Postquam
806 2008 959 2070 discordis
974 2024 1052 2073 tetre
1205 2008 1249 2074 60

258 2114 280 2146 ‘⁴
296 2111 378 2174 Belli
393 2110 521 2172 ferratos
535 2123 649 2193 postes,
666 2123 830 2192 portusque
845 2109 969 2193 refregit
981 2113 1014 2172 :”

258 2211 403 2276 Invenies
418 2211 510 2275 etiem
528 2210 649 2294 disjecti
665 2212 802 2275 membro
818 2212 935 2273 Poetae.

259 2314 422 2379 Hactenus
437 2312 522 2378 lucc:
552 2313 638 2390 alins,
657 2314 777 2397 justum
794 2312 834 2375 sit
849 2334 945 2376 necne
962 2316 1090 2391 Poemn,
1192 2328 1197 2335 ⁴

260 2412 353 2479 Ntttte
369 2413 447 2479 illud
462 2436 616 2500 (luterum
640 2415 789 2479 meritone
803 2414 859 2478 tibi
875 2416 915 2478 sit

261 2517 445 2600 Suspectum
461 2538 559 2598 genus
574 2516 633 2579 boc
649 2517 811 2580 scribendi.
858 2517 981 2581 Sulcius
995 2541 1065 2582 scer
1208 2516 1250 2582 65

260 2614 425 2691 Ambulst,
440 2628 471 2678 ct
488 2616 631 2700 Caprius,
647 2617 732 2679 rnuci
748 2617 838 2691 mule,
854 2639 984 2700 cumque
999 2619 1131 2692 libellis;

262 2715 400 2798 Magnus
415 2730 544 2798 uterque
560 2715 652 2778 timor
668 2715 837 2779 latronibus
850 2742 859 2789 ;
882 2731 915 2781 et
929 2718 1007 2781 bene
1022 2719 1117 2802 siquis

261 2816 306 2879 Et
322 2815 407 2878 vivet
422 2815 507 2897 puris
523 2815 676 2901 manibus,
693 2829 869 2878 contemnat
883 2831 1056 2900 utrumque.

261 2917 310 2980 Ut
325 2916 366 2979 sis
382 2930 416 2979 tu
432 2914 540 2978 similis
557 2898 639 2978 Coeli
656 2893 810 3000 Birrique,
825 2915 992 2995 latronum,

262 3019 335 3084 Non
351 3041 410 3103 ego
425 3018 481 3081 sim
499 3018 606 3102 Capri,
621 3039 721 3102 neque
738 3018 844 3090 Sulci;
871 3020 936 3096 (cur
950 3033 1069 3083 metuas
1084 3043 1133 3085 me
1143 3023 1168 3100 Ρ)
1210 3022 1253 3106 70

262 3122 361 3187 Nulla
376 3122 503 3186 taberne
518 3142 602 3185 meos
616 3119 728 3185 babent
742 3142 841 3205 neque
857 3120 921 3206 pila
934 3122 1066 3204 libellos,

263 3225 360 3303 Queis
374 3247 483 3288 manus
498 3224 622 3287 insudet
637 3223 736 3307 vulgi,
761 3226 1031 3311 Hermogenisque
1048 3226 1179 3311 Tigelli,

264 3328 332 3391 Nec
346 3327 471 3412 recitem
487 3325 665 3411 quidquam,
681 3326 741 3389 nisi
756 3327 873 3403 amicis,
888 3328 982 3413 idque
997 3343 1131 3408 coactus,

263 3430 338 3493 Non
353 3427 465 3504 ubivis,
482 3449 622 3491 coramve
638 3427 835 3510 quibuslibet.
882 3431 963 3500 illu
979 3432 1080 3495 medio
1095 3432 1148 3516 qui

264 3530 386 3616 Scripta
400 3530 466 3594 foro
480 3530 620 3604 recitent,
637 3542 709 3592 suut
724 3531 824 3594 multi.
857 3532 884 3603 ll
897 3533 1020 3618 Quique
1035 3534 1188 3597 lavantes:
1212 3530 1254 3614 75

265 3635 366 3697 Sunve
380 3631 466 3695 locus
481 3631 548 3695 voci
564 3644 688 3695 resonat
703 3633 873 3697 conclusus.
922 3635 1035 3698 Inanes

263 3736 337 3797 Hoc
345 3735 449 3819 juvat,
464 3732 549 3796 haud
564 3732 644 3796 illud
658 3747 840 3816 quaereutes,
856 3757 929 3799 num
946 3737 1012 3799 sine
1027 3757 1129 3811 sensu,

263 3837 421 3920 Tempore
435 3855 509 3896 uum
526 3834 641 3896 faciant
656 3836 766 3898 alieno.
812 3838 984 3909 llLaedere
999 3839 1126 3921 gaudes,

263 3937 393 4023 Inquis;
417 3948 448 3999 et
462 3935 522 3998 hoc
537 3936 641 3999 studio
658 3959 771 4020 pravus
785 3938 867 4001 facis.
916 3940 943 4011 ll
956 3940 1052 4002 Unde
1066 3938 1198 4021 petitum

265 4041 337 4104 Hoc
353 4039 385 4102 in
400 4059 450 4100 me
459 4037 559 4122 jacis'l
582 4052 629 4101 est
643 4052 750 4102 auctor
763 4040 832 4124 quis
847 4041 980 4126 denique
994 4063 1111 4116 eorum,
1213 4044 1256 4105 80

264 4141 337 4207 vixi
353 4162 422 4205 cum
439 4140 574 4226 quibus?
620 4142 791 4205 Absentem
806 4143 859 4226 qui
875 4143 957 4207 rodit
971 4144 1103 4208 amicum
