2948 5422
223 434 286 498 188
540 453 570 497 o.
595 448 742 491 nonanis
768 448 891 490 snaccr

221 603 378 689 Dictaque
393 613 562 666 cessantem
579 600 682 664 nervis
697 598 811 662 elidere
826 597 966 660 morbum

222 704 379 788 Sulphura
395 702 561 777 contemni,
578 701 664 765 vicus
680 701 787 786 gemit,
805 700 928 762 invidus
943 699 1045 782 aegris,

222 807 284 884 Qui
300 819 393 890 caput
408 818 439 868 et
454 804 646 867 stomachum
664 824 835 886 supponere
850 802 989 865 fontibus
1004 801 1124 865 audent

222 908 371 984 Clusinis,
389 907 568 991 Gabiosque
583 919 706 990 petunt,
721 918 751 968 et
766 903 879 987 frigida
894 926 974 967 rura.

222 1010 397 1071 Mutandus
413 1007 496 1072 locus
512 1021 569 1084 est,
586 1022 616 1070 ct
631 1006 800 1070 divorsoria
814 1018 887 1069 nota
1184 1006 1229 1069 10

221 1110 479 1195 Praeteragcndus
494 1131 609 1193 cquus:
635 1110 707 1180 Quo
723 1107 844 1170 tendis!
869 1129 929 1169 non
945 1105 1023 1169 mihi
1038 1108 1160 1172 Cumas

222 1213 283 1274 Est
296 1211 367 1283 iter,
383 1222 438 1274 aut
454 1209 558 1286 Baias,
575 1209 655 1272 laeva
670 1207 882 1272 stomachosus
897 1207 1018 1271 habena

222 1311 317 1376 Dicet
332 1334 445 1396 eques;
470 1312 523 1375 sed
539 1311 609 1395 equi
625 1311 756 1374 frmnoto
771 1323 818 1373 est
833 1309 916 1374 auris
930 1309 962 1372 in
979 1330 1030 1372 ore
1042 1312 1114 1391 ε)-

223 1415 329 1498 Major
343 1427 446 1477 utrum
461 1413 609 1497 populum
625 1411 774 1476 frumenti
789 1411 878 1494 copia
892 1421 1018 1494 poscat;

224 1515 419 1580 Collectosne
434 1515 542 1579 bibant
556 1514 680 1591 imbres,
693 1526 842 1597 puteosne
857 1533 1005 1597 perennes
1185 1512 1228 1574 15

223 1618 247 1679 J
249 1616 319 1701 ugis
335 1637 445 1699 aquae;
470 1638 541 1680 nam
557 1616 631 1680 vina
645 1615 725 1678 nibil
741 1637 842 1678 moror
856 1614 939 1678 illius
955 1636 1025 1677 orae.

224 1719 313 1782 Rure
328 1739 396 1781 meo
411 1739 535 1803 possum
551 1718 675 1802 quidvis
689 1717 823 1801 perferre
838 1716 983 1801 patique;

224 1821 276 1884 Ad
291 1843 374 1885 mare
388 1843 458 1885 cum
475 1821 557 1897 veni,
573 1842 755 1904 generosum
771 1832 802 1882 et
822 1819 891 1883 lene
906 1817 1047 1903 requiro;

226 1924 320 2001 Quod
334 1945 422 1987 curas
437 1922 553 2005 abigat,
569 1923 653 2006 quod
668 1943 736 1984 cum
754 1943 808 2003 spe
823 1920 920 1983 divite
943 1933 1047 1983 manet

226 2024 266 2087 In
282 2045 376 2086 venas
390 2022 589 2106 animumque
603 2044 718 2098 mcum,
734 2024 817 2106 quod
833 2023 926 2084 verba
941 2021 1107 2098 ministret,
1183 2021 1229 2083 20

227 2126 319 2203 Quod
333 2146 382 2188 me
398 2125 537 2190 Lucanae
547 2125 694 2209 juvenem
711 2124 905 2187 commendet
920 2124 1027 2187 amicas
1040 2148 1094 2186 :—

131 2264 134 2270 ·
227 2229 363 2291 Tractus
377 2238 447 2290 uter
461 2227 566 2311 plures
585 2228 715 2312 lepores,
731 2240 800 2290 uter
816 2227 926 2290 educet
941 2248 1049 2310 apros:

227 2330 311 2392 Utra
325 2330 424 2414 magis
438 2329 539 2414 pisces
554 2342 585 2394 et
601 2329 727 2393 echinos
742 2352 867 2414 aequora
883 2329 1004 2400 celent;

228 2430 361 2515 Pinguis
375 2444 411 2495 ut
427 2432 500 2497 inde
515 2433 639 2495 domum
656 2432 769 2516 possim
788 2430 966 2515 Phaeaxque
980 2429 1094 2494 reverti
1108 2453 1162 2492 :—

230 2533 369 2597 Scribere
384 2547 415 2597 te
429 2535 527 2612 nobis,
544 2534 601 2598 tibi
616 2557 682 2610 nos,
698 2534 857 2598 accredere
872 2555 927 2617 par
942 2544 997 2596 cst.
1185 2534 1231 2596 25

230 2635 380 2712 Maenius,
396 2649 432 2697 ut
446 2636 538 2698 rebus
554 2636 702 2700 maternis
717 2651 808 2721 atque
823 2635 959 2719 paternis

230 2736 368 2799 Fortiter
382 2737 541 2810 absumtis,
559 2739 694 2801 urbanus
710 2739 804 2820 coepit
820 2737 936 2814 haberi,

232 2839 343 2901 Scurra
359 2859 467 2920 vagus,
483 2859 544 2900 non
561 2840 614 2921 qui
630 2852 745 2900 certum
763 2862 900 2923 praesepc
916 2850 1043 2916 tencrct,

231 2941 413 3023 Impransus
432 2960 494 3001 non
510 2939 562 3023 qui
579 2940 675 3002 civem
693 2940 886 3023 dignosceret
902 2941 1007 3012 boste;

231 3044 389 3117 Quaelibct
404 3043 435 3106 in
451 3044 591 3129 quemvis
607 3042 770 3127 opprobria
785 3043 901 3126 fingere
917 3065 1039 3117 saevus;
1183 3045 1229 3106 30

232 3148 390 3212 Pernicies
405 3160 436 3212 et
459 3160 624 3232 tempestas
639 3145 878 3230 barathrumque
892 3145 1024 3222 macelli,

176 3251 183 3263 ⁹
232 3251 388 3334 Quicquid
404 3251 579 3334 quaesierat,
592 3249 692 3312 ventri
709 3249 844 3312 donabat
859 3270 964 3312 avaro:

232 3351 298 3414 Hic
312 3351 366 3415 ubi
381 3351 528 3434 nequitias
543 3350 715 3413 fautoribus
731 3364 762 3414 et
778 3350 895 3413 timidis
909 3350 952 3413 nil

234 3453 301 3515 Aut
314 3453 440 3536 paulum
457 3452 635 3529 abstulerat,
652 3451 772 3536 patinas
787 3454 928 3516 coenabat
943 3451 1052 3526 omasi,

232 3554 310 3618 Vilis
326 3568 357 3617 et
371 3555 505 3639 agninae,
522 3556 619 3618 tribus
635 3555 713 3618 ursis
729 3557 810 3641 quod
826 3555 900 3619 satis
915 3567 1015 3627 csset;
1183 3556 1229 3617 35

231 3656 356 3718 Scilicet
372 3671 406 3718 ut
422 3670 544 3721 ventres
559 3659 662 3722 lamna
678 3658 829 3722 candente
843 3671 991 3741 nepotum

229 3757 357 3820 Diceret
372 3760 516 3837 urendos,
533 3776 685 3824 corrector
701 3760 835 3824 Bestius.
875 3761 963 3823 Idem

231 3858 265 3922 Si
281 3859 356 3944 quid
371 3872 437 3923 erat
451 3875 561 3923 nactus
576 3864 691 3945 praedas
707 3863 842 3946 majoris,
853 3863 905 3925 ubi
921 3882 1012 3925 omne

229 3963 371 4025 Verterat
385 3961 418 4023 in
433 3959 552 4023 fumum
569 3975 600 4023 et
615 3963 760 4037 cinerem,
777 3965 850 4025 Non
865 3963 992 4028 hercule
1007 3963 1110 4043 miror,

228 4064 357 4141 Aiebat,
373 4063 453 4149 siqui
468 4063 633 4127 comedunt
647 4064 727 4127 bona
743 4089 752 4136 ς
777 4087 846 4127 curn
864 4066 904 4129 sit
919 4069 1011 4132 obeso
1185 4071 1230 4131 to

229 4166 286 4228 Nil
301 4167 411 4230 melius
433 4167 535 4244 turdo,
551 4165 596 4229 nil
612 4166 705 4230 vulva
720 4167 880 4251 pulchrius
896 4172 1009 4255 ampla.
