<?xml version="1.0" encoding="UTF-8"?>
<!DOCTYPE html PUBLIC "-//W3C//DTD XHTML 1.0 Transitional//EN"
    "http://www.w3.org/TR/xhtml1/DTD/xhtml1-transitional.dtd">
<html xmlns="http://www.w3.org/1999/xhtml" xml:lang="en" lang="en">
 <head>
  <title>
</title>
<meta http-equiv="Content-Type" content="text/html;charset=utf-8" />
  <meta name='ocr-system' content='tesseract 3.04.00' />
  <meta name='ocr-capabilities' content='ocr_page ocr_carea ocr_par ocr_line ocrx_word'/>
</head>
<body>
  <div class='ocr_page' id='page_1' title='image "./horatiusrestitu00tategoog_0455.png"; bbox 0 0 2948 5422; ppageno 0'>
   <div class='ocr_carea' id='block_1_1' title="bbox 222 465 899 528">
    <p class='ocr_par' dir='ltr' id='par_1_1' title="bbox 222 465 899 528">
     <span class='ocr_line' id='line_1_1' title="bbox 222 465 899 528; baseline -0.006 0"><span class='ocrx_word' id='word_1_1' title='bbox 222 465 287 527; x_wconf 74' lang='lat'><strong>220</strong></span> <span class='ocrx_word' id='word_1_2' title='bbox 441 483 444 488; x_wconf 90' lang='lat'>·</span> <span class='ocrx_word' id='word_1_3' title='bbox 546 483 577 528; x_wconf 83' lang='lat' dir='ltr'><strong>o.</strong></span> <span class='ocrx_word' id='word_1_4' title='bbox 600 479 749 524; x_wconf 78' lang='lat' dir='ltr'><strong>nossrrr</strong></span> <span class='ocrx_word' id='word_1_5' title='bbox 774 479 899 524; x_wconf 74' lang='lat' dir='ltr'><strong>resecr</strong></span> 
     </span>
    </p>
   </div>
   <div class='ocr_carea' id='block_1_2' title="bbox 264 636 979 2659">
    <p class='ocr_par' dir='ltr' id='par_1_2' title="bbox 264 636 979 2659">
     <span class='ocr_line' id='line_1_2' title="bbox 268 636 806 723; baseline -0.006 -20"><span class='ocrx_word' id='word_1_6' title='bbox 268 640 319 704; x_wconf 89' lang='lat' dir='ltr'><strong>Te</strong></span> <span class='ocrx_word' id='word_1_7' title='bbox 333 636 449 723; x_wconf 86' lang='lat' dir='ltr'><strong>copias,</strong></span> <span class='ocrx_word' id='word_1_8' title='bbox 465 650 497 702; x_wconf 87' lang='lat' dir='ltr'><strong>te</strong></span> <span class='ocrx_word' id='word_1_9' title='bbox 511 636 674 702; x_wconf 89' lang='lat' dir='ltr'><strong>consilium</strong></span> <span class='ocrx_word' id='word_1_10' title='bbox 690 648 721 700; x_wconf 90' lang='lat' dir='ltr'><strong>et</strong></span> <span class='ocrx_word' id='word_1_11' title='bbox 737 647 806 701; x_wconf 90' lang='lat' dir='ltr'><strong>tuos</strong></span> 
     </span>
     <span class='ocr_line' id='line_1_3' title="bbox 268 737 890 824; baseline -0.006 -18"><span class='ocrx_word' id='word_1_12' title='bbox 268 740 433 806; x_wconf 81' lang='lat' dir='ltr'><strong>Praebento</strong></span> <span class='ocrx_word' id='word_1_13' title='bbox 448 740 566 805; x_wconf 89' lang='lat' dir='ltr'><strong>Divos:</strong></span> <span class='ocrx_word' id='word_1_14' title='bbox 590 760 662 805; x_wconf 88' lang='lat' dir='ltr'><strong>nam</strong></span> <span class='ocrx_word' id='word_1_15' title='bbox 678 738 747 817; x_wconf 85' lang='lat' dir='ltr'><strong>tibl,</strong></span> <span class='ocrx_word' id='word_1_16' title='bbox 761 760 824 824; x_wconf 90' lang='lat' dir='ltr'><strong>quo</strong></span> <span class='ocrx_word' id='word_1_17' title='bbox 838 737 890 802; x_wconf 91' lang='lat' dir='ltr'><strong>die</strong></span> 
     </span>
     <span class='ocr_line' id='line_1_4' title="bbox 308 839 784 926; baseline -0.004 -19"><span class='ocrx_word' id='word_1_18' title='bbox 308 844 423 907; x_wconf 88' lang='lat' dir='ltr'><strong>Portus</strong></span> <span class='ocrx_word' id='word_1_19' title='bbox 438 841 638 906; x_wconf 74' lang='lat' dir='ltr'><strong>Alexandrea</strong></span> <span class='ocrx_word' id='word_1_20' title='bbox 652 839 784 926; x_wconf 80' lang='lat' dir='ltr'>supplex</span> 
     </span>
     <span class='ocr_line' id='line_1_5' title="bbox 351 942 830 1030; baseline -0.006 -20"><span class='ocrx_word' id='word_1_21' title='bbox 351 948 398 1010; x_wconf 89' lang='lat' dir='ltr'><strong>Et</strong></span> <span class='ocrx_word' id='word_1_22' title='bbox 412 965 540 1010; x_wconf 84' lang='lat' dir='ltr'><strong>vacuam</strong></span> <span class='ocrx_word' id='word_1_23' title='bbox 555 942 701 1030; x_wconf 70' lang='lat' dir='ltr'><strong>patefecit</strong></span> <span class='ocrx_word' id='word_1_24' title='bbox 714 942 830 1022; x_wconf 89' lang='lat' dir='ltr'><strong>aulam,</strong></span> 
     </span>
     <span class='ocr_line' id='line_1_6' title="bbox 266 1045 783 1131; baseline 0 -21"><span class='ocrx_word' id='word_1_25' title='bbox 266 1045 405 1113; x_wconf 77' lang='lat' dir='ltr'><strong>Fortuna</strong></span> <span class='ocrx_word' id='word_1_26' title='bbox 418 1047 517 1111; x_wconf 90' lang='lat' dir='ltr'><strong>lustro</strong></span> <span class='ocrx_word' id='word_1_27' title='bbox 531 1067 676 1131; x_wconf 88' lang='lat' dir='ltr'><strong>prospera</strong></span> <span class='ocrx_word' id='word_1_28' title='bbox 691 1045 783 1111; x_wconf 87' lang='lat' dir='ltr'><strong>tertio</strong></span> 
     </span>
     <span class='ocr_line' id='line_1_7' title="bbox 266 1146 793 1226; baseline -0.006 -11"><span class='ocrx_word' id='word_1_29' title='bbox 266 1149 348 1215; x_wconf 93' lang='lat' dir='ltr'><strong>Belli</strong></span> <span class='ocrx_word' id='word_1_30' title='bbox 363 1146 515 1213; x_wconf 88' lang='lat' dir='ltr'><strong>secundos</strong></span> <span class='ocrx_word' id='word_1_31' title='bbox 528 1146 665 1211; x_wconf 79' lang='lat' dir='ltr'><strong>reddidit</strong></span> <span class='ocrx_word' id='word_1_32' title='bbox 679 1147 793 1226; x_wconf 85' lang='lat' dir='ltr'><strong>exitus,</strong></span> 
     </span>
     <span class='ocr_line' id='line_1_8' title="bbox 308 1249 863 1335; baseline 0.004 -21"><span class='ocrx_word' id='word_1_33' title='bbox 308 1249 514 1334; x_wconf 87' lang='lat' dir='ltr'><strong>Laudemque</strong></span> <span class='ocrx_word' id='word_1_34' title='bbox 529 1261 560 1313; x_wconf 93' lang='lat' dir='ltr'><strong>et</strong></span> <span class='ocrx_word' id='word_1_35' title='bbox 574 1260 715 1335; x_wconf 86' lang='lat' dir='ltr'><strong>optatum</strong></span> <span class='ocrx_word' id='word_1_36' title='bbox 729 1249 863 1334; x_wconf 88' lang='lat' dir='ltr'><strong>peractis</strong></span> 
     </span>
     <span class='ocr_line' id='line_1_9' title="bbox 352 1350 788 1437; baseline 0 -22"><span class='ocrx_word' id='word_1_37' title='bbox 352 1350 497 1437; x_wconf 87' lang='lat' dir='ltr'><strong>Imperiis</strong></span> <span class='ocrx_word' id='word_1_38' title='bbox 513 1351 608 1416; x_wconf 86' lang='lat' dir='ltr'><strong>decus</strong></span> <span class='ocrx_word' id='word_1_39' title='bbox 623 1351 788 1436; x_wconf 81' lang='lat' dir='ltr'><strong>arrogavit.</strong></span> 
     </span>
     <span class='ocr_line' id='line_1_10' title="bbox 267 1452 841 1533; baseline 0 -15"><span class='ocrx_word' id='word_1_40' title='bbox 267 1456 319 1518; x_wconf 85' lang='lat' dir='ltr'><strong>Te</strong></span> <span class='ocrx_word' id='word_1_41' title='bbox 330 1453 487 1519; x_wconf 83' lang='lat' dir='ltr'><strong>Cantaber</strong></span> <span class='ocrx_word' id='word_1_42' title='bbox 500 1474 564 1518; x_wconf 91' lang='lat' dir='ltr'><strong>non</strong></span> <span class='ocrx_word' id='word_1_43' title='bbox 578 1465 651 1518; x_wconf 84' lang='lat' dir='ltr'><strong>ante</strong></span> <span class='ocrx_word' id='word_1_44' title='bbox 665 1452 841 1533; x_wconf 85' lang='lat' dir='ltr'><strong>domabilis,</strong></span> 
     </span>
     <span class='ocr_line' id='line_1_11' title="bbox 265 1554 979 1642; baseline 0.004 -23"><span class='ocrx_word' id='word_1_45' title='bbox 265 1554 444 1641; x_wconf 81' lang='lat' dir='ltr'><strong>Medusque</strong></span> <span class='ocrx_word' id='word_1_46' title='bbox 457 1568 489 1621; x_wconf 91' lang='lat' dir='ltr'><strong>et</strong></span> <span class='ocrx_word' id='word_1_47' title='bbox 506 1555 617 1634; x_wconf 89' lang='lat' dir='ltr'><strong>Indus,</strong></span> <span class='ocrx_word' id='word_1_48' title='bbox 633 1569 665 1620; x_wconf 89' lang='lat' dir='ltr'><strong>te</strong></span> <span class='ocrx_word' id='word_1_49' title='bbox 679 1556 830 1641; x_wconf 84' lang='lat' dir='ltr'><strong>profugus</strong></span> <span class='ocrx_word' id='word_1_50' title='bbox 845 1554 979 1642; x_wconf 86' lang='lat' dir='ltr'><strong>Scythes</strong></span> 
     </span>
     <span class='ocr_line' id='line_1_12' title="bbox 309 1657 766 1743; baseline 0.002 -21"><span class='ocrx_word' id='word_1_51' title='bbox 309 1658 458 1735; x_wconf 86' lang='lat' dir='ltr'><strong>Miratur,</strong></span> <span class='ocrx_word' id='word_1_52' title='bbox 474 1659 503 1721; x_wconf 94' lang='lat'>0</span> <span class='ocrx_word' id='word_1_53' title='bbox 519 1657 617 1723; x_wconf 86' lang='lat' dir='ltr'><strong>tutela</strong></span> <span class='ocrx_word' id='word_1_54' title='bbox 630 1679 766 1743; x_wconf 83' lang='lat' dir='ltr'><strong>praesens</strong></span> 
     </span>
     <span class='ocr_line' id='line_1_13' title="bbox 351 1759 811 1846; baseline 0 -21"><span class='ocrx_word' id='word_1_55' title='bbox 351 1759 455 1825; x_wconf 74' lang='lat' dir='ltr'><strong>ltaliae</strong></span> <span class='ocrx_word' id='word_1_56' title='bbox 469 1759 665 1846; x_wconf 80' lang='lat' dir='ltr'><strong>dominaeque</strong></span> <span class='ocrx_word' id='word_1_57' title='bbox 680 1762 811 1825; x_wconf 83' lang='lat' dir='ltr'><strong>Romae!</strong></span> 
     </span>
     <span class='ocr_line' id='line_1_14' title="bbox 267 1860 795 1949; baseline 0.006 -23"><span class='ocrx_word' id='word_1_58' title='bbox 267 1864 329 1942; x_wconf 86' lang='lat' dir='ltr'><strong>Te,</strong></span> <span class='ocrx_word' id='word_1_59' title='bbox 343 1861 478 1927; x_wconf 85' lang='lat' dir='ltr'><strong>fontium</strong></span> <span class='ocrx_word' id='word_1_60' title='bbox 492 1861 547 1949; x_wconf 93' lang='lat' dir='ltr'><strong>qui</strong></span> <span class='ocrx_word' id='word_1_61' title='bbox 563 1860 644 1927; x_wconf 83' lang='lat' dir='ltr'><strong>celat</strong></span> <span class='ocrx_word' id='word_1_62' title='bbox 658 1861 795 1947; x_wconf 76' lang='lat' dir='ltr'><strong>origines</strong></span> 
     </span>
     <span class='ocr_line' id='line_1_15' title="bbox 264 1963 913 2050; baseline -0.003 -19"><span class='ocrx_word' id='word_1_63' title='bbox 264 1964 429 2050; x_wconf 83' lang='lat' dir='ltr'><strong>Nilusque,</strong></span> <span class='ocrx_word' id='word_1_64' title='bbox 444 1977 476 2028; x_wconf 91' lang='lat' dir='ltr'><strong>et</strong></span> <span class='ocrx_word' id='word_1_65' title='bbox 492 1965 586 2040; x_wconf 88' lang='lat' dir='ltr'><strong>Ister,</strong></span> <span class='ocrx_word' id='word_1_66' title='bbox 602 1975 633 2028; x_wconf 89' lang='lat' dir='ltr'><strong>te</strong></span> <span class='ocrx_word' id='word_1_67' title='bbox 646 1963 775 2049; x_wconf 79' lang='lat' dir='ltr'><strong>rupidus</strong></span> <span class='ocrx_word' id='word_1_68' title='bbox 790 1963 913 2048; x_wconf 87' lang='lat' dir='ltr'><strong>Tigris,</strong></span> 
     </span>
     <span class='ocr_line' id='line_1_16' title="bbox 309 2062 729 2151; baseline -0.01 -20"><span class='ocrx_word' id='word_1_69' title='bbox 309 2068 360 2131; x_wconf 85' lang='lat' dir='ltr'><strong>Te</strong></span> <span class='ocrx_word' id='word_1_70' title='bbox 373 2064 519 2129; x_wconf 76' lang='lat' dir='ltr'><strong>beluosus</strong></span> <span class='ocrx_word' id='word_1_71' title='bbox 533 2063 587 2151; x_wconf 90' lang='lat' dir='ltr'><strong>qui</strong></span> <span class='ocrx_word' id='word_1_72' title='bbox 600 2062 729 2128; x_wconf 88' lang='lat' dir='ltr'><strong>remotis</strong></span> 
     </span>
     <span class='ocr_line' id='line_1_17' title="bbox 349 2165 858 2252; baseline -0.002 -19"><span class='ocrx_word' id='word_1_73' title='bbox 349 2165 511 2252; x_wconf 86' lang='lat' dir='ltr'><strong>Obstrepit</strong></span> <span class='ocrx_word' id='word_1_74' title='bbox 526 2167 670 2233; x_wconf 86' lang='lat' dir='ltr'><strong>Oceanus</strong></span> <span class='ocrx_word' id='word_1_75' title='bbox 685 2167 858 2247; x_wconf 87' lang='lat' dir='ltr'><strong>Britannis,</strong></span> 
     </span>
     <span class='ocr_line' id='line_1_18' title="bbox 266 2269 821 2355; baseline 0.002 -21"><span class='ocrx_word' id='word_1_76' title='bbox 266 2271 317 2334; x_wconf 86' lang='lat' dir='ltr'><strong>Te</strong></span> <span class='ocrx_word' id='word_1_77' title='bbox 332 2291 394 2334; x_wconf 92' lang='lat' dir='ltr'><strong>non</strong></span> <span class='ocrx_word' id='word_1_78' title='bbox 409 2269 553 2355; x_wconf 80' lang='lat' dir='ltr'><strong>paventis</strong></span> <span class='ocrx_word' id='word_1_79' title='bbox 566 2269 677 2334; x_wconf 86' lang='lat' dir='ltr'><strong>funera</strong></span> <span class='ocrx_word' id='word_1_80' title='bbox 692 2269 821 2351; x_wconf 86' lang='lat' dir='ltr'><strong>Galliae,</strong></span> 
     </span>
     <span class='ocr_line' id='line_1_19' title="bbox 264 2370 781 2457; baseline 0.002 -22"><span class='ocrx_word' id='word_1_81' title='bbox 264 2372 424 2457; x_wconf 86' lang='lat' dir='ltr'><strong>Duraeque</strong></span> <span class='ocrx_word' id='word_1_82' title='bbox 438 2370 531 2435; x_wconf 86' lang='lat' dir='ltr'><strong>tellus</strong></span> <span class='ocrx_word' id='word_1_83' title='bbox 546 2370 633 2435; x_wconf 89' lang='lat' dir='ltr'><strong>audit</strong></span> <span class='ocrx_word' id='word_1_84' title='bbox 649 2371 781 2436; x_wconf 84' lang='lat' dir='ltr'><strong>Iberiae.</strong></span> 
     </span>
     <span class='ocr_line' id='line_1_20' title="bbox 311 2471 816 2557; baseline -0.002 -20"><span class='ocrx_word' id='word_1_85' title='bbox 311 2475 362 2537; x_wconf 82' lang='lat' dir='ltr'><strong>Te</strong></span> <span class='ocrx_word' id='word_1_86' title='bbox 377 2473 462 2538; x_wconf 76' lang='lat' dir='ltr'><strong>caede</strong></span> <span class='ocrx_word' id='word_1_87' title='bbox 475 2473 648 2557; x_wconf 84' lang='lat' dir='ltr'><strong>gaudentes</strong></span> <span class='ocrx_word' id='word_1_88' title='bbox 664 2471 816 2538; x_wconf 88' lang='lat' dir='ltr'><strong>Sicambri</strong></span> 
     </span>
     <span class='ocr_line' id='line_1_21' title="bbox 352 2572 856 2659; baseline -0.004 -20"><span class='ocrx_word' id='word_1_89' title='bbox 352 2574 541 2659; x_wconf 85' lang='lat' dir='ltr'><strong>Compositis</strong></span> <span class='ocrx_word' id='word_1_90' title='bbox 552 2586 738 2639; x_wconf 76' lang='lat' dir='ltr'><strong>venerantur</strong></span> <span class='ocrx_word' id='word_1_91' title='bbox 753 2572 856 2640; x_wconf 85' lang='lat' dir='ltr'><strong>armis.</strong></span> 
     </span>
    </p>
   </div>
   <div class='ocr_carea' id='block_1_3' title="bbox 576 2786 902 2809">
    <p class='ocr_par' dir='ltr' id='par_1_3' title="bbox 576 2786 902 2809">
     <span class='ocr_line' id='line_1_22' title="bbox 576 2786 902 2809; baseline 0 0"><span class='ocrx_word' id='word_1_92' title='bbox 576 2786 902 2809; x_wconf 46' lang='grc' dir='ltr'>Ἢ</span> 
     </span>
    </p>
   </div>
   <div class='ocr_carea' id='block_1_4' title="bbox 525 2957 913 3039">
    <p class='ocr_par' dir='ltr' id='par_1_4' title="bbox 525 2957 913 3039">
     <span class='ocr_line' id='line_1_23' title="bbox 525 2957 913 3039; baseline 0 -19"><span class='ocrx_word' id='word_1_93' title='bbox 525 2957 621 3020; x_wconf 84' lang='lat' dir='ltr'><strong>ODE</strong></span> <span class='ocrx_word' id='word_1_94' title='bbox 646 2957 723 3020; x_wconf 87' lang='lat' dir='ltr'><strong>XV.</strong></span> <span class='ocrx_word' id='word_1_95' title='bbox 760 2961 811 3039; x_wconf 83' lang='lat' dir='ltr'><strong>(u.</strong></span> <span class='ocrx_word' id='word_1_96' title='bbox 829 2958 913 3036; x_wconf 75' lang='lat' dir='ltr'><strong>xm.)</strong></span> 
     </span>
    </p>
   </div>
   <div class='ocr_carea' id='block_1_5' title="bbox 558 3138 876 3181">
    <p class='ocr_par' dir='ltr' id='par_1_5' title="bbox 558 3138 876 3181">
     <span class='ocr_line' id='line_1_24' title="bbox 558 3138 876 3181; baseline -0.006 0"><span class='ocrx_word' id='word_1_97' title='bbox 558 3138 707 3181; x_wconf 76' lang='lat' dir='ltr'>AUGUSTI</span> <span class='ocrx_word' id='word_1_98' title='bbox 731 3138 876 3181; x_wconf 78' lang='lat' dir='ltr'><strong>LAUDES.</strong></span> 
     </span>
    </p>
   </div>
   <div class='ocr_carea' id='block_1_6' title="bbox 259 3266 914 4267">
    <p class='ocr_par' dir='ltr' id='par_1_6' title="bbox 259 3266 914 4267">
     <span class='ocr_line' id='line_1_25' title="bbox 263 3266 870 3352; baseline -0.01 -17"><span class='ocrx_word' id='word_1_99' title='bbox 263 3274 408 3335; x_wconf 76' lang='lat' dir='ltr'><strong>Pramnos</strong></span> <span class='ocrx_word' id='word_1_100' title='bbox 424 3266 579 3331; x_wconf 88' lang='lat' dir='ltr'><strong>volentem</strong></span> <span class='ocrx_word' id='word_1_101' title='bbox 595 3269 707 3351; x_wconf 85' lang='lat' dir='ltr'><strong>proelia</strong></span> <span class='ocrx_word' id='word_1_102' title='bbox 721 3290 771 3331; x_wconf 91' lang='lat' dir='ltr'><strong>me</strong></span> <span class='ocrx_word' id='word_1_103' title='bbox 785 3267 870 3352; x_wconf 89' lang='lat' dir='ltr'><strong>loqui</strong></span> 
     </span>
     <span class='ocr_line' id='line_1_26' title="bbox 263 3367 780 3452; baseline -0.002 -19"><span class='ocrx_word' id='word_1_104' title='bbox 263 3371 368 3433; x_wconf 86' lang='lat' dir='ltr'><strong>Victas</strong></span> <span class='ocrx_word' id='word_1_105' title='bbox 380 3381 412 3431; x_wconf 87' lang='lat' dir='ltr'><strong>et</strong></span> <span class='ocrx_word' id='word_1_106' title='bbox 426 3368 518 3431; x_wconf 85' lang='lat' dir='ltr'><strong>urbes</strong></span> <span class='ocrx_word' id='word_1_107' title='bbox 533 3367 686 3452; x_wconf 84' lang='lat' dir='ltr'><strong>increpuit</strong></span> <span class='ocrx_word' id='word_1_108' title='bbox 702 3367 780 3452; x_wconf 86' lang='lat' dir='ltr'><strong>lyra,</strong></span> 
     </span>
     <span class='ocr_line' id='line_1_27' title="bbox 306 3467 871 3556; baseline 0.005 -24"><span class='ocrx_word' id='word_1_109' title='bbox 306 3469 357 3535; x_wconf 93' lang='lat' dir='ltr'><strong>Ne</strong></span> <span class='ocrx_word' id='word_1_110' title='bbox 367 3490 463 3555; x_wconf 86' lang='lat' dir='ltr'><strong>parva</strong></span> <span class='ocrx_word' id='word_1_111' title='bbox 479 3467 680 3554; x_wconf 88' lang='lat' dir='ltr'><strong>Tyrrhenum</strong></span> <span class='ocrx_word' id='word_1_112' title='bbox 696 3491 752 3555; x_wconf 90' lang='lat' dir='ltr'><strong>per</strong></span> <span class='ocrx_word' id='word_1_113' title='bbox 766 3491 871 3556; x_wconf 82' lang='lat' dir='ltr'><strong>aequor</strong></span> 
     </span>
     <span class='ocr_line' id='line_1_28' title="bbox 351 3571 914 3652; baseline 0.002 -16"><span class='ocrx_word' id='word_1_114' title='bbox 351 3572 427 3637; x_wconf 89' lang='lat' dir='ltr'><strong>Vela</strong></span> <span class='ocrx_word' id='word_1_115' title='bbox 441 3571 555 3637; x_wconf 88' lang='lat' dir='ltr'><strong>darem.</strong></span> <span class='ocrx_word' id='word_1_116' title='bbox 603 3574 689 3652; x_wconf 85' lang='lat' dir='ltr'><strong>Tua,</strong></span> <span class='ocrx_word' id='word_1_117' title='bbox 706 3574 822 3651; x_wconf 86' lang='lat' dir='ltr'><strong>Caesar,</strong></span> <span class='ocrx_word' id='word_1_118' title='bbox 838 3587 914 3638; x_wconf 86' lang='lat' dir='ltr'><strong>aetas</strong></span> 
     </span>
     <span class='ocr_line' id='line_1_29' title="bbox 263 3675 797 3760; baseline 0.002 -21"><span class='ocrx_word' id='word_1_119' title='bbox 263 3678 384 3760; x_wconf 86' lang='lat' dir='ltr'><strong>Fruges</strong></span> <span class='ocrx_word' id='word_1_120' title='bbox 398 3687 430 3740; x_wconf 84' lang='lat' dir='ltr'><strong>et</strong></span> <span class='ocrx_word' id='word_1_121' title='bbox 445 3675 528 3760; x_wconf 78' lang='lat' dir='ltr'><strong>agris</strong></span> <span class='ocrx_word' id='word_1_122' title='bbox 542 3675 662 3740; x_wconf 90' lang='lat' dir='ltr'><strong>rettulit</strong></span> <span class='ocrx_word' id='word_1_123' title='bbox 677 3677 797 3754; x_wconf 87' lang='lat' dir='ltr'><strong>uberes,</strong></span> 
     </span>
     <span class='ocr_line' id='line_1_30' title="bbox 261 3777 783 3862; baseline -0.006 -20"><span class='ocrx_word' id='word_1_124' title='bbox 261 3780 308 3842; x_wconf 87' lang='lat' dir='ltr'><strong>Et</strong></span> <span class='ocrx_word' id='word_1_125' title='bbox 321 3779 410 3862; x_wconf 85' lang='lat' dir='ltr'><strong>signa</strong></span> <span class='ocrx_word' id='word_1_126' title='bbox 424 3791 529 3841; x_wconf 90' lang='lat' dir='ltr'><strong>nostro</strong></span> <span class='ocrx_word' id='word_1_127' title='bbox 545 3777 681 3841; x_wconf 85' lang='lat' dir='ltr'><strong>restituit</strong></span> <span class='ocrx_word' id='word_1_128' title='bbox 696 3779 719 3841; x_wconf 88' lang='lat' dir='ltr'><strong>J</strong></span> <span class='ocrx_word' id='word_1_129' title='bbox 721 3778 783 3854; x_wconf 89' lang='lat' dir='ltr'><strong>ovi,</strong></span> 
     </span>
     <span class='ocr_line' id='line_1_31' title="bbox 303 3876 802 3962; baseline -0.006 -19"><span class='ocrx_word' id='word_1_130' title='bbox 303 3881 443 3962; x_wconf 87' lang='lat' dir='ltr'><strong>Derepta</strong></span> <span class='ocrx_word' id='word_1_131' title='bbox 459 3876 646 3941; x_wconf 88' lang='lat' dir='ltr'><strong>Parthorum</strong></span> <span class='ocrx_word' id='word_1_132' title='bbox 663 3879 802 3962; x_wconf 87' lang='lat' dir='ltr'><strong>superbis</strong></span> 
     </span>
     <span class='ocr_line' id='line_1_32' title="bbox 345 3977 824 4056; baseline -0.008 -12"><span class='ocrx_word' id='word_1_133' title='bbox 345 3980 502 4056; x_wconf 85' lang='lat' dir='ltr'><strong>Postibus,</strong></span> <span class='ocrx_word' id='word_1_134' title='bbox 519 3992 550 4043; x_wconf 89' lang='lat' dir='ltr'><strong>ct</strong></span> <span class='ocrx_word' id='word_1_135' title='bbox 565 3999 695 4042; x_wconf 88' lang='lat' dir='ltr'><strong>vacuum</strong></span> <span class='ocrx_word' id='word_1_136' title='bbox 712 3977 824 4042; x_wconf 85' lang='lat' dir='ltr'><strong>ducllis</strong></span> 
     </span>
     <span class='ocr_line' id='line_1_33' title="bbox 259 4079 857 4160; baseline -0.003 -13"><span class='ocrx_word' id='word_1_137' title='bbox 259 4086 281 4147; x_wconf 86' lang='lat' dir='ltr'><strong>J</strong></span> <span class='ocrx_word' id='word_1_138' title='bbox 285 4104 378 4148; x_wconf 86' lang='lat' dir='ltr'><strong>anum</strong></span> <span class='ocrx_word' id='word_1_139' title='bbox 394 4081 517 4160; x_wconf 86' lang='lat' dir='ltr'><strong>Quirini</strong></span> <span class='ocrx_word' id='word_1_140' title='bbox 533 4079 655 4151; x_wconf 85' lang='lat' dir='ltr'><strong>clausit,</strong></span> <span class='ocrx_word' id='word_1_141' title='bbox 672 4092 702 4144; x_wconf 85' lang='lat' dir='ltr'><strong>ot</strong></span> <span class='ocrx_word' id='word_1_142' title='bbox 718 4079 857 4145; x_wconf 87' lang='lat' dir='ltr'><strong>ordinem</strong></span> 
     </span>
     <span class='ocr_line' id='line_1_34' title="bbox 259 4181 814 4267; baseline -0.011 -16"><span class='ocrx_word' id='word_1_143' title='bbox 259 4188 393 4250; x_wconf 83' lang='lat' dir='ltr'><strong>Rectum</strong></span> <span class='ocrx_word' id='word_1_144' title='bbox 409 4183 553 4267; x_wconf 85' lang='lat' dir='ltr'><strong>evaganti</strong></span> <span class='ocrx_word' id='word_1_145' title='bbox 568 4182 664 4247; x_wconf 72' lang='lat' dir='ltr'><strong>fraena</strong></span> <span class='ocrx_word' id='word_1_146' title='bbox 681 4181 814 4246; x_wconf 58' lang='lat' dir='ltr'><strong>licentia*</strong></span> 
     </span>
    </p>
   </div>
   <div class='ocr_carea' id='block_1_7' title="bbox 0 0 1478 5422">
    <p class='ocr_par' dir='ltr' id='par_1_7' title="bbox 0 0 1478 5422">
     <span class='ocr_line' id='line_1_35' title="bbox 0 0 1478 5422; baseline 0 2"><span class='ocrx_word' id='word_1_147' title='bbox 0 0 1478 5422; x_wconf 95' lang='lat' dir='ltr'><strong> </strong></span> 
     </span>
    </p>
   </div>
  </div>
 </body>
</html>
