<?xml version="1.0" encoding="UTF-8"?>
<!DOCTYPE html PUBLIC "-//W3C//DTD XHTML 1.0 Transitional//EN"
    "http://www.w3.org/TR/xhtml1/DTD/xhtml1-transitional.dtd">
<html xmlns="http://www.w3.org/1999/xhtml" xml:lang="en" lang="en">
 <head>
  <title>
</title>
<meta http-equiv="Content-Type" content="text/html;charset=utf-8" />
  <meta name='ocr-system' content='tesseract 3.04.00' />
  <meta name='ocr-capabilities' content='ocr_page ocr_carea ocr_par ocr_line ocrx_word'/>
</head>
<body>
  <div class='ocr_page' id='page_1' title='image "./horatiusrestitu00tategoog_0483.png"; bbox 0 0 2872 5010; ppageno 0'>
   <div class='ocr_carea' id='block_1_1' title="bbox 309 410 983 472">
    <p class='ocr_par' dir='ltr' id='par_1_1' title="bbox 309 410 983 472">
     <span class='ocr_line' id='line_1_1' title="bbox 309 410 983 472; baseline -0.004 -2"><span class='ocrx_word' id='word_1_1' title='bbox 309 410 376 472; x_wconf 72' lang='lat'><strong>‘248</strong></span> <span class='ocrx_word' id='word_1_2' title='bbox 635 428 666 472; x_wconf 76' lang='grc' dir='ltr'><strong>α.</strong></span> <span class='ocrx_word' id='word_1_3' title='bbox 691 424 836 467; x_wconf 73' lang='grc' dir='ltr'><strong>ιιοηΛτιι</strong></span> <span class='ocrx_word' id='word_1_4' title='bbox 862 426 983 468; x_wconf 74' lang='lat' dir='ltr'><strong>roscen</strong></span> 
     </span>
    </p>
   </div>
   <div class='ocr_carea' id='block_1_2' title="bbox 279 581 1305 3995">
    <p class='ocr_par' dir='ltr' id='par_1_2' title="bbox 315 581 1035 665">
     <span class='ocr_line' id='line_1_2' title="bbox 315 581 1035 665; baseline 0.001 -20"><span class='ocrx_word' id='word_1_5' title='bbox 315 582 438 646; x_wconf 90' lang='lat' dir='ltr'><strong>Litibus</strong></span> <span class='ocrx_word' id='word_1_6' title='bbox 453 581 649 665; x_wconf 89' lang='lat' dir='ltr'><strong>implicitum,</strong></span> <span class='ocrx_word' id='word_1_7' title='bbox 666 581 798 645; x_wconf 89' lang='lat' dir='ltr'><strong>mirabor</strong></span> <span class='ocrx_word' id='word_1_8' title='bbox 813 583 839 646; x_wconf 88' lang='lat' dir='ltr'><strong>si</strong></span> <span class='ocrx_word' id='word_1_9' title='bbox 851 583 925 646; x_wconf 87' lang='lat' dir='ltr'><strong>sciet</strong></span> <span class='ocrx_word' id='word_1_10' title='bbox 941 583 1035 646; x_wconf 89' lang='lat' dir='ltr'><strong>inter·</strong></span> 
     </span>
    </p>

    <p class='ocr_par' dir='ltr' id='par_1_3' title="bbox 313 680 1305 764">
     <span class='ocr_line' id='line_1_3' title="bbox 313 680 1305 764; baseline 0.005 -21"><span class='ocrx_word' id='word_1_11' title='bbox 313 681 447 744; x_wconf 89' lang='lat' dir='ltr'><strong>Noscere</strong></span> <span class='ocrx_word' id='word_1_12' title='bbox 462 681 639 744; x_wconf 88' lang='lat' dir='ltr'><strong>mendacem</strong></span> <span class='ocrx_word' id='word_1_13' title='bbox 652 701 818 764; x_wconf 87' lang='lat' dir='ltr'><strong>verumque</strong></span> <span class='ocrx_word' id='word_1_14' title='bbox 833 681 940 744; x_wconf 83' lang='lat' dir='ltr'><strong>beatus</strong></span> <span class='ocrx_word' id='word_1_15' title='bbox 957 680 1099 745; x_wconf 87' lang='lat' dir='ltr'><strong>amicum.</strong></span> <span class='ocrx_word' id='word_1_16' title='bbox 1240 686 1305 748; x_wconf 62' lang='lat'><strong>435</strong></span> 
     </span>
    </p>

    <p class='ocr_par' dir='ltr' id='par_1_4' title="bbox 312 781 1051 866">
     <span class='ocr_line' id='line_1_4' title="bbox 312 781 1051 866; baseline 0.001 -22"><span class='ocrx_word' id='word_1_17' title='bbox 312 783 368 845; x_wconf 88' lang='lat' dir='ltr'><strong>Tu</strong></span> <span class='ocrx_word' id='word_1_18' title='bbox 383 805 438 846; x_wconf 85' lang='lat' dir='ltr'><strong>seu</strong></span> <span class='ocrx_word' id='word_1_19' title='bbox 453 781 587 857; x_wconf 80' lang='lat' dir='ltr'><strong>dendris,</strong></span> <span class='ocrx_word' id='word_1_20' title='bbox 604 781 747 866; x_wconf 89' lang='lat' dir='ltr'><strong>seuquid</strong></span> <span class='ocrx_word' id='word_1_21' title='bbox 762 782 875 845; x_wconf 89' lang='lat' dir='ltr'><strong>donare</strong></span> <span class='ocrx_word' id='word_1_22' title='bbox 891 781 974 845; x_wconf 87' lang='lat' dir='ltr'><strong>voles</strong></span> <span class='ocrx_word' id='word_1_23' title='bbox 989 782 1051 857; x_wconf 91' lang='lat' dir='ltr'><strong>cui,</strong></span> 
     </span>
    </p>

    <p class='ocr_par' dir='ltr' id='par_1_5' title="bbox 313 882 1048 967">
     <span class='ocr_line' id='line_1_5' title="bbox 313 882 1048 967; baseline 0 -21"><span class='ocrx_word' id='word_1_24' title='bbox 313 884 420 947; x_wconf 87' lang='lat' dir='ltr'><strong>Nolito</strong></span> <span class='ocrx_word' id='word_1_25' title='bbox 435 886 474 948; x_wconf 85' lang='lat' dir='ltr'><strong>ad</strong></span> <span class='ocrx_word' id='word_1_26' title='bbox 490 906 595 947; x_wconf 87' lang='lat' dir='ltr'><strong>versus</strong></span> <span class='ocrx_word' id='word_1_27' title='bbox 611 882 668 947; x_wconf 90' lang='lat' dir='ltr'><strong>tibi</strong></span> <span class='ocrx_word' id='word_1_28' title='bbox 683 884 780 946; x_wconf 82' lang='lat' dir='ltr'><strong>lectos</strong></span> <span class='ocrx_word' id='word_1_29' title='bbox 795 883 907 947; x_wconf 86' lang='lat' dir='ltr'><strong>ducere</strong></span> <span class='ocrx_word' id='word_1_30' title='bbox 922 883 1048 967; x_wconf 89' lang='lat' dir='ltr'><strong>plenum</strong></span> 
     </span>
    </p>

    <p class='ocr_par' dir='ltr' id='par_1_6' title="bbox 313 985 1171 1061">
     <span class='ocr_line' id='line_1_6' title="bbox 313 985 1171 1061; baseline 0.001 -12"><span class='ocrx_word' id='word_1_31' title='bbox 313 986 470 1060; x_wconf 66' lang='lat' dir='ltr'><strong>Lartium,</strong></span> <span class='ocrx_word' id='word_1_32' title='bbox 495 986 638 1050; x_wconf 84' lang='lat' dir='ltr'><strong>clamabit</strong></span> <span class='ocrx_word' id='word_1_33' title='bbox 654 985 748 1061; x_wconf 90' lang='lat' dir='ltr'><strong>euim,</strong></span> <span class='ocrx_word' id='word_1_34' title='bbox 761 987 923 1048; x_wconf 71' lang='lat' dir='ltr'><strong>Pulchre!</strong></span> <span class='ocrx_word' id='word_1_35' title='bbox 946 985 1044 1047; x_wconf 82' lang='lat' dir='ltr'><strong>ben-el</strong></span> <span class='ocrx_word' id='word_1_36' title='bbox 1067 993 1171 1050; x_wconf 86' lang='lat' dir='ltr'><strong>recte!</strong></span> 
     </span>
    </p>

    <p class='ocr_par' dir='ltr' id='par_1_7' title="bbox 312 1086 1031 1171">
     <span class='ocr_line' id='line_1_7' title="bbox 312 1086 1031 1171; baseline -0.004 -19"><span class='ocrx_word' id='word_1_37' title='bbox 312 1089 481 1162; x_wconf 86' lang='lat' dir='ltr'><strong>Pallescet;</strong></span> <span class='ocrx_word' id='word_1_38' title='bbox 504 1110 596 1171; x_wconf 87' lang='lat' dir='ltr'><strong>super</strong></span> <span class='ocrx_word' id='word_1_39' title='bbox 611 1086 660 1149; x_wconf 90' lang='lat' dir='ltr'><strong>his</strong></span> <span class='ocrx_word' id='word_1_40' title='bbox 675 1087 766 1150; x_wconf 85' lang='lat' dir='ltr'><strong>etiarn</strong></span> <span class='ocrx_word' id='word_1_41' title='bbox 780 1086 910 1150; x_wconf 71' lang='lat' dir='ltr'><strong>stillabit</strong></span> <span class='ocrx_word' id='word_1_42' title='bbox 925 1086 1031 1150; x_wconf 84' lang='lat' dir='ltr'><strong>amicis</strong></span> 
     </span>
    </p>

    <p class='ocr_par' dir='ltr' id='par_1_8' title="bbox 279 1185 1304 1370">
     <span class='ocr_line' id='line_1_8' title="bbox 311 1185 1304 1269; baseline 0.001 -16"><span class='ocrx_word' id='word_1_43' title='bbox 311 1191 363 1253; x_wconf 86' lang='lat' dir='ltr'><strong>Ex</strong></span> <span class='ocrx_word' id='word_1_44' title='bbox 377 1189 473 1252; x_wconf 87' lang='lat' dir='ltr'><strong>oculis</strong></span> <span class='ocrx_word' id='word_1_45' title='bbox 488 1209 607 1259; x_wconf 84' lang='lat' dir='ltr'><strong>rorem;</strong></span> <span class='ocrx_word' id='word_1_46' title='bbox 632 1186 731 1262; x_wconf 84' lang='lat' dir='ltr'><strong>saliet,</strong></span> <span class='ocrx_word' id='word_1_47' title='bbox 745 1187 856 1250; x_wconf 89' lang='lat' dir='ltr'><strong>tundet</strong></span> <span class='ocrx_word' id='word_1_48' title='bbox 867 1185 946 1269; x_wconf 82' lang='lat' dir='ltr'><strong>pede</strong></span> <span class='ocrx_word' id='word_1_49' title='bbox 961 1199 1084 1252; x_wconf 84' lang='lat' dir='ltr'><strong>terrain.</strong></span> <span class='ocrx_word' id='word_1_50' title='bbox 1238 1193 1304 1254; x_wconf 79' lang='lat'><strong>430</strong></span> 
     </span>
     <span class='ocr_line' id='line_1_9' title="bbox 279 1283 1031 1370; baseline -0.001 -20"><span class='ocrx_word' id='word_1_51' title='bbox 279 1347 285 1358; x_wconf 86' lang='grc'><em>,</em></span> <span class='ocrx_word' id='word_1_52' title='bbox 310 1287 359 1350; x_wconf 90' lang='lat' dir='ltr'><strong>Ut</strong></span> <span class='ocrx_word' id='word_1_53' title='bbox 372 1287 425 1370; x_wconf 89' lang='lat' dir='ltr'><strong>qui</strong></span> <span class='ocrx_word' id='word_1_54' title='bbox 441 1286 585 1350; x_wconf 90' lang='lat' dir='ltr'><strong>conducti</strong></span> <span class='ocrx_word' id='word_1_55' title='bbox 599 1284 723 1367; x_wconf 76' lang='lat' dir='ltr'><strong>plorant</strong></span> <span class='ocrx_word' id='word_1_56' title='bbox 738 1284 771 1346; x_wconf 93' lang='lat' dir='ltr'><strong>in</strong></span> <span class='ocrx_word' id='word_1_57' title='bbox 785 1283 904 1360; x_wconf 82' lang='lat' dir='ltr'><strong>funere,</strong></span> <span class='ocrx_word' id='word_1_58' title='bbox 920 1285 1031 1350; x_wconf 93' lang='lat' dir='ltr'><strong>dicunt</strong></span> 
     </span>
    </p>

    <p class='ocr_par' dir='ltr' id='par_1_9' title="bbox 309 1385 1154 1471">
     <span class='ocr_line' id='line_1_10' title="bbox 309 1385 1154 1471; baseline 0.001 -20"><span class='ocrx_word' id='word_1_59' title='bbox 309 1389 355 1452; x_wconf 90' lang='lat' dir='ltr'><strong>Et</strong></span> <span class='ocrx_word' id='word_1_60' title='bbox 369 1386 489 1452; x_wconf 80' lang='lat' dir='ltr'><strong>faciunt</strong></span> <span class='ocrx_word' id='word_1_61' title='bbox 503 1409 599 1471; x_wconf 88' lang='lat' dir='ltr'><strong>prope</strong></span> <span class='ocrx_word' id='word_1_62' title='bbox 613 1386 703 1470; x_wconf 86' lang='lat' dir='ltr'><strong>plura</strong></span> <span class='ocrx_word' id='word_1_63' title='bbox 717 1385 893 1449; x_wconf 77' lang='lat' dir='ltr'><strong>dolentibus</strong></span> <span class='ocrx_word' id='word_1_64' title='bbox 909 1408 948 1450; x_wconf 85' lang='lat' dir='ltr'><strong>ex</strong></span> <span class='ocrx_word' id='word_1_65' title='bbox 964 1387 1087 1462; x_wconf 88' lang='lat' dir='ltr'><strong>animo;</strong></span> <span class='ocrx_word' id='word_1_66' title='bbox 1111 1389 1154 1452; x_wconf 86' lang='lat' dir='ltr'><strong>sic</strong></span> 
     </span>
    </p>

    <p class='ocr_par' dir='ltr' id='par_1_10' title="bbox 310 1488 949 1573">
     <span class='ocr_line' id='line_1_11' title="bbox 310 1488 949 1573; baseline -0.002 -21"><span class='ocrx_word' id='word_1_67' title='bbox 310 1489 437 1554; x_wconf 76' lang='lat' dir='ltr'><strong>Derisor</strong></span> <span class='ocrx_word' id='word_1_68' title='bbox 453 1511 525 1553; x_wconf 88' lang='lat' dir='ltr'><strong>vero</strong></span> <span class='ocrx_word' id='word_1_69' title='bbox 539 1489 610 1573; x_wconf 87' lang='lat' dir='ltr'><strong>plus</strong></span> <span class='ocrx_word' id='word_1_70' title='bbox 624 1488 784 1553; x_wconf 80' lang='lat' dir='ltr'><strong>laudatore</strong></span> <span class='ocrx_word' id='word_1_71' title='bbox 800 1503 949 1553; x_wconf 87' lang='lat' dir='ltr'><strong>movetur.</strong></span> 
     </span>
    </p>

    <p class='ocr_par' dir='ltr' id='par_1_11' title="bbox 309 1588 989 1677">
     <span class='ocr_line' id='line_1_12' title="bbox 309 1588 989 1677; baseline -0.009 -19"><span class='ocrx_word' id='word_1_72' title='bbox 309 1595 414 1677; x_wconf 81' lang='lat' dir='ltr'><strong>Reges</strong></span> <span class='ocrx_word' id='word_1_73' title='bbox 429 1592 575 1656; x_wconf 89' lang='lat' dir='ltr'><strong>dicuntur</strong></span> <span class='ocrx_word' id='word_1_74' title='bbox 590 1588 696 1652; x_wconf 89' lang='lat' dir='ltr'><strong>multis</strong></span> <span class='ocrx_word' id='word_1_75' title='bbox 708 1610 839 1673; x_wconf 82' lang='lat' dir='ltr'><strong>urguere</strong></span> <span class='ocrx_word' id='word_1_76' title='bbox 855 1591 989 1668; x_wconf 76' lang='lat' dir='ltr'><strong>culullin,</strong></span> 
     </span>
    </p>

    <p class='ocr_par' dir='ltr' id='par_1_12' title="bbox 309 1691 1302 1777">
     <span class='ocr_line' id='line_1_13' title="bbox 309 1691 1302 1777; baseline 0 -21"><span class='ocrx_word' id='word_1_77' title='bbox 309 1696 355 1758; x_wconf 81' lang='lat' dir='ltr'><strong>Et</strong></span> <span class='ocrx_word' id='word_1_78' title='bbox 370 1708 510 1777; x_wconf 90' lang='lat' dir='ltr'><strong>torquere</strong></span> <span class='ocrx_word' id='word_1_79' title='bbox 525 1713 620 1767; x_wconf 89' lang='lat' dir='ltr'><strong>mero,</strong></span> <span class='ocrx_word' id='word_1_80' title='bbox 635 1711 726 1775; x_wconf 89' lang='lat' dir='ltr'><strong>quem</strong></span> <span class='ocrx_word' id='word_1_81' title='bbox 742 1691 932 1774; x_wconf 80' lang='lat' dir='ltr'><strong>perspexisse</strong></span> <span class='ocrx_word' id='word_1_82' title='bbox 947 1691 1085 1756; x_wconf 92' lang='lat' dir='ltr'><strong>laborent</strong></span> <span class='ocrx_word' id='word_1_83' title='bbox 1238 1700 1302 1762; x_wconf 76' lang='lat'><strong>435</strong></span> 
     </span>
    </p>

    <p class='ocr_par' dir='ltr' id='par_1_13' title="bbox 307 1792 1052 1876">
     <span class='ocr_line' id='line_1_14' title="bbox 307 1792 1052 1876; baseline 0 -18"><span class='ocrx_word' id='word_1_84' title='bbox 307 1799 358 1858; x_wconf 78' lang='lat' dir='ltr'><strong>Au</strong></span> <span class='ocrx_word' id='word_1_85' title='bbox 375 1795 415 1858; x_wconf 89' lang='lat' dir='ltr'><strong>sit</strong></span> <span class='ocrx_word' id='word_1_86' title='bbox 431 1793 567 1858; x_wconf 86' lang='lat' dir='ltr'><strong>amicitis</strong></span> <span class='ocrx_word' id='word_1_87' title='bbox 581 1792 714 1876; x_wconf 82' lang='lat' dir='ltr'><strong>dignus:</strong></span> <span class='ocrx_word' id='word_1_88' title='bbox 741 1793 766 1855; x_wconf 90' lang='lat' dir='ltr'><strong>si</strong></span> <span class='ocrx_word' id='word_1_89' title='bbox 782 1793 917 1857; x_wconf 90' lang='lat' dir='ltr'><strong>carmina</strong></span> <span class='ocrx_word' id='word_1_90' title='bbox 928 1793 1052 1869; x_wconf 87' lang='lat' dir='ltr'><strong>condes,</strong></span> 
     </span>
    </p>

    <p class='ocr_par' dir='ltr' id='par_1_14' title="bbox 309 1893 1094 1981">
     <span class='ocr_line' id='line_1_15' title="bbox 309 1893 1094 1981; baseline -0.003 -21"><span class='ocrx_word' id='word_1_91' title='bbox 309 1898 477 1981; x_wconf 87' lang='lat' dir='ltr'><strong>Nunquam</strong></span> <span class='ocrx_word' id='word_1_92' title='bbox 493 1910 525 1959; x_wconf 90' lang='lat' dir='ltr'><strong>te</strong></span> <span class='ocrx_word' id='word_1_93' title='bbox 539 1895 648 1958; x_wconf 81' lang='lat' dir='ltr'><strong>fallant</strong></span> <span class='ocrx_word' id='word_1_94' title='bbox 663 1893 759 1957; x_wconf 89' lang='lat' dir='ltr'><strong>animi</strong></span> <span class='ocrx_word' id='word_1_95' title='bbox 775 1895 833 1957; x_wconf 88' lang='lat' dir='ltr'><strong>sub</strong></span> <span class='ocrx_word' id='word_1_96' title='bbox 848 1895 941 1979; x_wconf 87' lang='lat' dir='ltr'><strong>vulpe</strong></span> <span class='ocrx_word' id='word_1_97' title='bbox 956 1895 1094 1960; x_wconf 87' lang='lat' dir='ltr'><strong>latentes.</strong></span> 
     </span>
    </p>

    <p class='ocr_par' dir='ltr' id='par_1_15' title="bbox 305 1995 999 2079">
     <span class='ocr_line' id='line_1_16' title="bbox 305 1995 999 2079; baseline -0.001 -19"><span class='ocrx_word' id='word_1_98' title='bbox 305 1997 461 2075; x_wconf 84' lang='lat' dir='ltr'><strong>Quintilio</strong></span> <span class='ocrx_word' id='word_1_99' title='bbox 477 1995 579 2079; x_wconf 86' lang='lat' dir='ltr'><strong>siquid</strong></span> <span class='ocrx_word' id='word_1_100' title='bbox 595 1995 748 2070; x_wconf 73' lang='lat' dir='ltr'><strong>recitares,</strong></span> <span class='ocrx_word' id='word_1_101' title='bbox 766 1995 896 2078; x_wconf 83' lang='lat' dir='ltr'><strong>Corrige</strong></span> <span class='ocrx_word' id='word_1_102' title='bbox 911 1996 999 2059; x_wconf 86' lang='lat' dir='ltr'><strong>sodes</strong></span> 
     </span>
    </p>

    <p class='ocr_par' dir='ltr' id='par_1_16' title="bbox 308 2095 1092 2178">
     <span class='ocr_line' id='line_1_17' title="bbox 308 2095 1092 2178; baseline 0 -17"><span class='ocrx_word' id='word_1_103' title='bbox 308 2100 391 2173; x_wconf 86' lang='lat' dir='ltr'><strong>Hoc,</strong></span> <span class='ocrx_word' id='word_1_104' title='bbox 406 2096 519 2173; x_wconf 87' lang='lat' dir='ltr'><strong>siebat,</strong></span> <span class='ocrx_word' id='word_1_105' title='bbox 535 2109 566 2159; x_wconf 89' lang='lat' dir='ltr'><strong>et</strong></span> <span class='ocrx_word' id='word_1_106' title='bbox 580 2095 655 2158; x_wconf 89' lang='lat' dir='ltr'><strong>hoc:</strong></span> <span class='ocrx_word' id='word_1_107' title='bbox 680 2095 789 2158; x_wconf 91' lang='lat' dir='ltr'><strong>melius</strong></span> <span class='ocrx_word' id='word_1_108' title='bbox 806 2108 835 2158; x_wconf 91' lang='lat' dir='ltr'><strong>te</strong></span> <span class='ocrx_word' id='word_1_109' title='bbox 851 2117 940 2178; x_wconf 88' lang='lat' dir='ltr'><strong>posse</strong></span> <span class='ocrx_word' id='word_1_110' title='bbox 955 2119 1092 2178; x_wconf 80' lang='lat' dir='ltr'><strong>negares,</strong></span> 
     </span>
    </p>

    <p class='ocr_par' dir='ltr' id='par_1_17' title="bbox 308 2196 1300 2282">
     <span class='ocr_line' id='line_1_18' title="bbox 308 2196 1300 2282; baseline 0.003 -20"><span class='ocrx_word' id='word_1_111' title='bbox 308 2199 363 2262; x_wconf 92' lang='lat' dir='ltr'><strong>Bis</strong></span> <span class='ocrx_word' id='word_1_112' title='bbox 379 2211 484 2282; x_wconf 89' lang='lat' dir='ltr'><strong>terque</strong></span> <span class='ocrx_word' id='word_1_113' title='bbox 499 2210 658 2280; x_wconf 82' lang='lat' dir='ltr'><strong>expertum</strong></span> <span class='ocrx_word' id='word_1_114' title='bbox 673 2196 798 2272; x_wconf 81' lang='lat' dir='ltr'><strong>frustra,</strong></span> <span class='ocrx_word' id='word_1_115' title='bbox 814 2196 917 2261; x_wconf 88' lang='lat' dir='ltr'><strong>delere</strong></span> <span class='ocrx_word' id='word_1_116' title='bbox 926 2198 1067 2282; x_wconf 85' lang='lat' dir='ltr'><strong>jubebat,</strong></span> <span class='ocrx_word' id='word_1_117' title='bbox 1234 2205 1300 2265; x_wconf 81' lang='grc'><strong>440</strong></span> 
     </span>
    </p>

    <p class='ocr_par' dir='ltr' id='par_1_18' title="bbox 304 2297 991 2363">
     <span class='ocr_line' id='line_1_19' title="bbox 304 2297 991 2363; baseline -0.001 0"><span class='ocrx_word' id='word_1_118' title='bbox 304 2301 353 2363; x_wconf 84' lang='lat' dir='ltr'><strong>Et</strong></span> <span class='ocrx_word' id='word_1_119' title='bbox 367 2298 446 2361; x_wconf 83' lang='lat' dir='ltr'><strong>male</strong></span> <span class='ocrx_word' id='word_1_120' title='bbox 462 2311 597 2361; x_wconf 85' lang='lat' dir='ltr'><strong>tornatos</strong></span> <span class='ocrx_word' id='word_1_121' title='bbox 612 2297 718 2361; x_wconf 88' lang='lat' dir='ltr'><strong>incudi</strong></span> <span class='ocrx_word' id='word_1_122' title='bbox 734 2298 861 2361; x_wconf 88' lang='lat' dir='ltr'><strong>reddere</strong></span> <span class='ocrx_word' id='word_1_123' title='bbox 877 2321 991 2362; x_wconf 87' lang='lat' dir='ltr'><strong>versus.</strong></span> 
     </span>
    </p>

    <p class='ocr_par' dir='ltr' id='par_1_19' title="bbox 307 2399 1055 2485">
     <span class='ocr_line' id='line_1_20' title="bbox 307 2399 1055 2485; baseline 0.003 -22"><span class='ocrx_word' id='word_1_124' title='bbox 307 2400 342 2464; x_wconf 83' lang='lat' dir='ltr'><strong>si</strong></span> <span class='ocrx_word' id='word_1_125' title='bbox 358 2400 522 2464; x_wconf 85' lang='lat' dir='ltr'><strong>defendere</strong></span> <span class='ocrx_word' id='word_1_126' title='bbox 536 2399 683 2463; x_wconf 88' lang='lat' dir='ltr'><strong>delictum</strong></span> <span class='ocrx_word' id='word_1_127' title='bbox 699 2422 790 2485; x_wconf 85' lang='lat' dir='ltr'><strong>quam</strong></span> <span class='ocrx_word' id='word_1_128' title='bbox 804 2415 922 2465; x_wconf 90' lang='lat' dir='ltr'><strong>vertere</strong></span> <span class='ocrx_word' id='word_1_129' title='bbox 938 2404 1055 2480; x_wconf 83' lang='lat' dir='ltr'><strong>malles,</strong></span> 
     </span>
    </p>

    <p class='ocr_par' dir='ltr' id='par_1_20' title="bbox 308 2501 1201 2584">
     <span class='ocr_line' id='line_1_21' title="bbox 308 2501 1201 2584; baseline 0.003 -18"><span class='ocrx_word' id='word_1_130' title='bbox 308 2501 439 2566; x_wconf 91' lang='lat' dir='ltr'><strong>Nullum</strong></span> <span class='ocrx_word' id='word_1_131' title='bbox 455 2502 537 2565; x_wconf 83' lang='lat' dir='ltr'><strong>ultro</strong></span> <span class='ocrx_word' id='word_1_132' title='bbox 553 2502 679 2565; x_wconf 89' lang='lat' dir='ltr'><strong>verbum</strong></span> <span class='ocrx_word' id='word_1_133' title='bbox 696 2514 751 2564; x_wconf 91' lang='lat' dir='ltr'><strong>aut</strong></span> <span class='ocrx_word' id='word_1_134' title='bbox 765 2522 888 2584; x_wconf 88' lang='lat' dir='ltr'><strong>opsrom</strong></span> <span class='ocrx_word' id='word_1_135' title='bbox 906 2504 1047 2568; x_wconf 75' lang='lat' dir='ltr'><strong>sumebat</strong></span> <span class='ocrx_word' id='word_1_136' title='bbox 1063 2505 1201 2578; x_wconf 87' lang='lat' dir='ltr'><strong>inanem;</strong></span> 
     </span>
    </p>

    <p class='ocr_par' dir='ltr' id='par_1_21' title="bbox 306 2602 1038 2686">
     <span class='ocr_line' id='line_1_22' title="bbox 306 2602 1038 2686; baseline 0.003 -20"><span class='ocrx_word' id='word_1_137' title='bbox 306 2602 391 2681; x_wconf 87' lang='lat' dir='ltr'><strong>Quin</strong></span> <span class='ocrx_word' id='word_1_138' title='bbox 407 2603 473 2667; x_wconf 92' lang='lat' dir='ltr'><strong>sine</strong></span> <span class='ocrx_word' id='word_1_139' title='bbox 489 2603 578 2666; x_wconf 84' lang='lat' dir='ltr'><strong>rivali</strong></span> <span class='ocrx_word' id='word_1_140' title='bbox 595 2617 684 2686; x_wconf 90' lang='lat' dir='ltr'><strong>teque</strong></span> <span class='ocrx_word' id='word_1_141' title='bbox 699 2617 731 2667; x_wconf 89' lang='lat' dir='ltr'><strong>et</strong></span> <span class='ocrx_word' id='word_1_142' title='bbox 746 2617 799 2667; x_wconf 87' lang='lat' dir='ltr'><strong>tua</strong></span> <span class='ocrx_word' id='word_1_143' title='bbox 814 2603 897 2667; x_wconf 86' lang='lat' dir='ltr'><strong>solus</strong></span> <span class='ocrx_word' id='word_1_144' title='bbox 913 2626 1038 2670; x_wconf 86' lang='lat' dir='ltr'><strong>amares.</strong></span> 
     </span>
    </p>

    <p class='ocr_par' dir='ltr' id='par_1_22' title="bbox 306 2705 1297 2789">
     <span class='ocr_line' id='line_1_23' title="bbox 306 2705 1297 2789; baseline 0.01 -23"><span class='ocrx_word' id='word_1_145' title='bbox 306 2705 363 2768; x_wconf 86' lang='lat' dir='ltr'><strong>Vir</strong></span> <span class='ocrx_word' id='word_1_146' title='bbox 377 2706 475 2769; x_wconf 90' lang='lat' dir='ltr'><strong>bonus</strong></span> <span class='ocrx_word' id='word_1_147' title='bbox 490 2719 521 2768; x_wconf 91' lang='lat' dir='ltr'><strong>et</strong></span> <span class='ocrx_word' id='word_1_148' title='bbox 536 2705 672 2788; x_wconf 88' lang='lat' dir='ltr'><strong>prudens</strong></span> <span class='ocrx_word' id='word_1_149' title='bbox 687 2728 793 2769; x_wconf 87' lang='lat' dir='ltr'><strong>versus</strong></span> <span class='ocrx_word' id='word_1_150' title='bbox 808 2705 1013 2789; x_wconf 87' lang='lat' dir='ltr'><strong>reprehendet</strong></span> <span class='ocrx_word' id='word_1_151' title='bbox 1026 2710 1151 2786; x_wconf 84' lang='lat' dir='ltr'><strong>inertes,</strong></span> <span class='ocrx_word' id='word_1_152' title='bbox 1233 2715 1297 2776; x_wconf 88' lang='grc'><strong>445</strong></span> 
     </span>
    </p>

    <p class='ocr_par' dir='ltr' id='par_1_23' title="bbox 301 2804 974 2885">
     <span class='ocr_line' id='line_1_24' title="bbox 301 2804 974 2885; baseline 0.007 -21"><span class='ocrx_word' id='word_1_153' title='bbox 301 2804 454 2885; x_wconf 84' lang='lat' dir='ltr'><strong>Culpobit</strong></span> <span class='ocrx_word' id='word_1_154' title='bbox 472 2805 576 2879; x_wconf 91' lang='lat' dir='ltr'><strong>duros,</strong></span> <span class='ocrx_word' id='word_1_155' title='bbox 594 2804 736 2868; x_wconf 89' lang='lat' dir='ltr'><strong>incomtis</strong></span> <span class='ocrx_word' id='word_1_156' title='bbox 751 2805 859 2869; x_wconf 89' lang='lat' dir='ltr'><strong>allinet</strong></span> <span class='ocrx_word' id='word_1_157' title='bbox 874 2821 974 2870; x_wconf 90' lang='lat' dir='ltr'><strong>atrum</strong></span> 
     </span>
    </p>

    <p class='ocr_par' dir='ltr' id='par_1_24' title="bbox 305 2903 1091 2984">
     <span class='ocr_line' id='line_1_25' title="bbox 305 2903 1091 2984; baseline 0.008 -18"><span class='ocrx_word' id='word_1_158' title='bbox 305 2905 497 2966; x_wconf 86' lang='lat' dir='ltr'><strong>Transverso</strong></span> <span class='ocrx_word' id='word_1_159' title='bbox 516 2903 633 2966; x_wconf 87' lang='lat' dir='ltr'><strong>calamo</strong></span> <span class='ocrx_word' id='word_1_160' title='bbox 649 2908 784 2984; x_wconf 82' lang='lat' dir='ltr'><strong>signum,</strong></span> <span class='ocrx_word' id='word_1_161' title='bbox 801 2906 962 2969; x_wconf 90' lang='lat' dir='ltr'><strong>ambitiosa</strong></span> <span class='ocrx_word' id='word_1_162' title='bbox 976 2909 1091 2972; x_wconf 86' lang='lat' dir='ltr'><strong>recidet</strong></span> 
     </span>
    </p>

    <p class='ocr_par' dir='ltr' id='par_1_25' title="bbox 304 3000 1053 3087">
     <span class='ocr_line' id='line_1_26' title="bbox 304 3000 1053 3087; baseline -0.001 -18"><span class='ocrx_word' id='word_1_163' title='bbox 304 3007 505 3081; x_wconf 82' lang='lat' dir='ltr'><strong>ornaments,</strong></span> <span class='ocrx_word' id='word_1_164' title='bbox 520 3022 629 3087; x_wconf 89' lang='lat' dir='ltr'><strong>parum</strong></span> <span class='ocrx_word' id='word_1_165' title='bbox 646 3000 736 3063; x_wconf 90' lang='lat' dir='ltr'><strong>claris</strong></span> <span class='ocrx_word' id='word_1_166' title='bbox 752 3001 850 3063; x_wconf 88' lang='lat' dir='ltr'><strong>lucem</strong></span> <span class='ocrx_word' id='word_1_167' title='bbox 868 3004 941 3065; x_wconf 90' lang='lat' dir='ltr'><strong>dare</strong></span> <span class='ocrx_word' id='word_1_168' title='bbox 953 3021 1053 3087; x_wconf 81' lang='lat' dir='ltr'><strong>coget,</strong></span> 
     </span>
    </p>

    <p class='ocr_par' dir='ltr' id='par_1_26' title="bbox 306 3102 1045 3193">
     <span class='ocr_line' id='line_1_27' title="bbox 306 3102 1045 3193; baseline -0.005 -20"><span class='ocrx_word' id='word_1_169' title='bbox 306 3111 429 3193; x_wconf 80' lang='lat' dir='ltr'><strong>Arguet</strong></span> <span class='ocrx_word' id='word_1_170' title='bbox 440 3105 583 3191; x_wconf 80' lang='lat' dir='ltr'><strong>ambigue</strong></span> <span class='ocrx_word' id='word_1_171' title='bbox 598 3104 730 3181; x_wconf 84' lang='lat' dir='ltr'><strong>dictum,</strong></span> <span class='ocrx_word' id='word_1_172' title='bbox 746 3102 894 3168; x_wconf 86' lang='lat' dir='ltr'><strong>mutanda</strong></span> <span class='ocrx_word' id='word_1_173' title='bbox 907 3105 1045 3179; x_wconf 84' lang='lat' dir='ltr'><strong>notsbit;</strong></span> 
     </span>
    </p>

    <p class='ocr_par' dir='ltr' id='par_1_27' title="bbox 305 3206 1296 3292">
     <span class='ocr_line' id='line_1_28' title="bbox 305 3206 1296 3292; baseline 0.004 -21"><span class='ocrx_word' id='word_1_174' title='bbox 305 3210 375 3272; x_wconf 86' lang='lat' dir='ltr'><strong>Fiet</strong></span> <span class='ocrx_word' id='word_1_175' title='bbox 392 3207 606 3281; x_wconf 63' lang='lat' dir='ltr'><strong>Aristarchum</strong></span> <span class='ocrx_word' id='word_1_176' title='bbox 630 3227 691 3269; x_wconf 91' lang='lat' dir='ltr'><strong>non</strong></span> <span class='ocrx_word' id='word_1_177' title='bbox 707 3206 801 3283; x_wconf 90' lang='lat' dir='ltr'><strong>dicet,</strong></span> <span class='ocrx_word' id='word_1_178' title='bbox 818 3208 952 3292; x_wconf 79' lang='lat' dir='ltr'><strong>Curego</strong></span> <span class='ocrx_word' id='word_1_179' title='bbox 967 3209 1099 3274; x_wconf 88' lang='lat' dir='ltr'><strong>amicum</strong></span> <span class='ocrx_word' id='word_1_180' title='bbox 1232 3220 1296 3280; x_wconf 72' lang='grc'><strong>450</strong></span> 
     </span>
    </p>

    <p class='ocr_par' dir='ltr' id='par_1_28' title="bbox 302 3307 1059 3392">
     <span class='ocr_line' id='line_1_29' title="bbox 302 3307 1059 3392; baseline 0.007 -20"><span class='ocrx_word' id='word_1_181' title='bbox 302 3310 469 3372; x_wconf 79' lang='lat' dir='ltr'><strong>offendam</strong></span> <span class='ocrx_word' id='word_1_182' title='bbox 484 3310 515 3370; x_wconf 92' lang='lat' dir='ltr'><strong>in</strong></span> <span class='ocrx_word' id='word_1_183' title='bbox 533 3309 644 3389; x_wconf 79' lang='lat' dir='ltr'><strong>nugis?</strong></span> <span class='ocrx_word' id='word_1_184' title='bbox 668 3307 731 3370; x_wconf 82' lang='lat' dir='ltr'><strong>Hae</strong></span> <span class='ocrx_word' id='word_1_185' title='bbox 746 3331 837 3392; x_wconf 86' lang='lat' dir='ltr'><strong>noges</strong></span> <span class='ocrx_word' id='word_1_186' title='bbox 853 3310 931 3374; x_wconf 86' lang='lat' dir='ltr'><strong>seria</strong></span> <span class='ocrx_word' id='word_1_187' title='bbox 945 3311 1059 3378; x_wconf 89' lang='lat' dir='ltr'><strong>ducent</strong></span> 
     </span>
    </p>

    <p class='ocr_par' dir='ltr' id='par_1_29' title="bbox 306 3407 1085 3494">
     <span class='ocr_line' id='line_1_30' title="bbox 306 3407 1085 3494; baseline 0.008 -23"><span class='ocrx_word' id='word_1_188' title='bbox 306 3410 344 3471; x_wconf 93' lang='lat' dir='ltr'><strong>ln</strong></span> <span class='ocrx_word' id='word_1_189' title='bbox 360 3408 442 3471; x_wconf 85' lang='lat' dir='ltr'><strong>mala</strong></span> <span class='ocrx_word' id='word_1_190' title='bbox 451 3407 587 3469; x_wconf 91' lang='lat' dir='ltr'><strong>derisum</strong></span> <span class='ocrx_word' id='word_1_191' title='bbox 603 3409 697 3471; x_wconf 90' lang='lat' dir='ltr'><strong>semel</strong></span> <span class='ocrx_word' id='word_1_192' title='bbox 713 3423 937 3494; x_wconf 85' lang='lat' dir='ltr'><strong>exceptumque</strong></span> <span class='ocrx_word' id='word_1_193' title='bbox 953 3413 1085 3479; x_wconf 88' lang='lat' dir='ltr'><strong>sinistre.</strong></span> 
     </span>
    </p>

    <p class='ocr_par' dir='ltr' id='par_1_30' title="bbox 304 3508 1141 3600">
     <span class='ocr_line' id='line_1_31' title="bbox 304 3508 1141 3600; baseline 0.011 -28"><span class='ocrx_word' id='word_1_194' title='bbox 304 3509 352 3572; x_wconf 92' lang='lat' dir='ltr'><strong>Ut</strong></span> <span class='ocrx_word' id='word_1_195' title='bbox 367 3508 448 3573; x_wconf 82' lang='lat' dir='ltr'><strong>mals</strong></span> <span class='ocrx_word' id='word_1_196' title='bbox 461 3530 551 3593; x_wconf 91' lang='lat' dir='ltr'><strong>quem</strong></span> <span class='ocrx_word' id='word_1_197' title='bbox 568 3508 685 3572; x_wconf 81' lang='lat' dir='ltr'><strong>scabies</strong></span> <span class='ocrx_word' id='word_1_198' title='bbox 700 3523 754 3572; x_wconf 88' lang='lat' dir='ltr'><strong>aut</strong></span> <span class='ocrx_word' id='word_1_199' title='bbox 765 3511 888 3573; x_wconf 87' lang='lat' dir='ltr'><strong>morbus</strong></span> <span class='ocrx_word' id='word_1_200' title='bbox 903 3515 1006 3597; x_wconf 82' lang='lat' dir='ltr'><strong>regius</strong></span> <span class='ocrx_word' id='word_1_201' title='bbox 1020 3530 1141 3600; x_wconf 86' lang='lat' dir='ltr'><strong>urguet,</strong></span> 
     </span>
    </p>

    <p class='ocr_par' dir='ltr' id='par_1_31' title="bbox 304 3603 978 3693">
     <span class='ocr_line' id='line_1_32' title="bbox 304 3603 978 3693; baseline 0.009 -20"><span class='ocrx_word' id='word_1_202' title='bbox 304 3614 374 3674; x_wconf 92' lang='lat' dir='ltr'><strong>Aut</strong></span> <span class='ocrx_word' id='word_1_203' title='bbox 388 3611 541 3676; x_wconf 76' lang='lat' dir='ltr'><strong>fanaticus</strong></span> <span class='ocrx_word' id='word_1_204' title='bbox 556 3633 640 3676; x_wconf 91' lang='lat' dir='ltr'><strong>error</strong></span> <span class='ocrx_word' id='word_1_205' title='bbox 655 3625 687 3676; x_wconf 90' lang='lat' dir='ltr'><strong>et</strong></span> <span class='ocrx_word' id='word_1_206' title='bbox 701 3612 848 3677; x_wconf 85' lang='lat' dir='ltr'><strong>iracunda</strong></span> <span class='ocrx_word' id='word_1_207' title='bbox 863 3603 978 3693; x_wconf 80' lang='lat' dir='ltr'><strong>Dione,</strong></span> 
     </span>
    </p>

    <p class='ocr_par' dir='ltr' id='par_1_32' title="bbox 303 3714 1291 3801">
     <span class='ocr_line' id='line_1_33' title="bbox 303 3714 1291 3801; baseline 0.01 -25"><span class='ocrx_word' id='word_1_208' title='bbox 303 3714 458 3777; x_wconf 87' lang='lat' dir='ltr'><strong>Vesanum</strong></span> <span class='ocrx_word' id='word_1_209' title='bbox 475 3715 612 3797; x_wconf 84' lang='lat' dir='ltr'><strong>tetigisse</strong></span> <span class='ocrx_word' id='word_1_210' title='bbox 628 3715 737 3778; x_wconf 91' lang='lat' dir='ltr'><strong>timent</strong></span> <span class='ocrx_word' id='word_1_211' title='bbox 752 3715 938 3801; x_wconf 84' lang='lat' dir='ltr'><strong>fugiuntque</strong></span> <span class='ocrx_word' id='word_1_212' title='bbox 953 3718 1076 3801; x_wconf 68' lang='lat' dir='ltr'><strong>poetam</strong></span> <span class='ocrx_word' id='word_1_213' title='bbox 1229 3725 1291 3786; x_wconf 88' lang='grc'><strong>455</strong></span> 
     </span>
    </p>

    <p class='ocr_par' dir='ltr' id='par_1_33' title="bbox 300 3815 1160 3904">
     <span class='ocr_line' id='line_1_34' title="bbox 300 3815 1160 3904; baseline 0.008 -28"><span class='ocrx_word' id='word_1_214' title='bbox 300 3815 364 3892; x_wconf 82' lang='lat' dir='ltr'><strong>Qui</strong></span> <span class='ocrx_word' id='word_1_215' title='bbox 377 3816 520 3897; x_wconf 85' lang='lat' dir='ltr'><strong>sapiunt;</strong></span> <span class='ocrx_word' id='word_1_216' title='bbox 545 3815 664 3897; x_wconf 84' lang='lat' dir='ltr'><strong>agitant</strong></span> <span class='ocrx_word' id='word_1_217' title='bbox 679 3817 778 3898; x_wconf 89' lang='lat' dir='ltr'><strong>pueri,</strong></span> <span class='ocrx_word' id='word_1_218' title='bbox 791 3817 968 3901; x_wconf 89' lang='lat' dir='ltr'><strong>incautique</strong></span> <span class='ocrx_word' id='word_1_219' title='bbox 982 3837 1160 3904; x_wconf 89' lang='lat' dir='ltr'><strong>sequuntur.</strong></span> 
     </span>
    </p>

    <p class='ocr_par' dir='ltr' id='par_1_34' title="bbox 303 3912 1044 3995">
     <span class='ocr_line' id='line_1_35' title="bbox 303 3912 1044 3995; baseline 0.009 -20"><span class='ocrx_word' id='word_1_220' title='bbox 303 3912 378 3990; x_wconf 91' lang='lat' dir='ltr'><strong>Hic,</strong></span> <span class='ocrx_word' id='word_1_221' title='bbox 394 3914 467 3976; x_wconf 90' lang='lat' dir='ltr'><strong>dum</strong></span> <span class='ocrx_word' id='word_1_222' title='bbox 484 3913 622 3976; x_wconf 91' lang='lat' dir='ltr'><strong>sublimis</strong></span> <span class='ocrx_word' id='word_1_223' title='bbox 635 3936 740 3977; x_wconf 89' lang='lat' dir='ltr'><strong>versus</strong></span> <span class='ocrx_word' id='word_1_224' title='bbox 754 3931 892 3980; x_wconf 90' lang='lat' dir='ltr'><strong>ructatur</strong></span> <span class='ocrx_word' id='word_1_225' title='bbox 907 3934 938 3982; x_wconf 90' lang='lat' dir='ltr'><strong>et</strong></span> <span class='ocrx_word' id='word_1_226' title='bbox 953 3935 1044 3995; x_wconf 87' lang='lat' dir='ltr'><strong>errat,</strong></span> 
     </span>
    </p>
   </div>
   <div class='ocr_carea' id='block_1_3' title="bbox 302 4010 1100 4204">
    <p class='ocr_par' dir='ltr' id='par_1_35' title="bbox 302 4010 1100 4204">
     <span class='ocr_line' id='line_1_36' title="bbox 303 4010 997 4104; baseline 0.017 -33"><span class='ocrx_word' id='word_1_227' title='bbox 303 4010 336 4072; x_wconf 90' lang='lat' dir='ltr'><strong>Si</strong></span> <span class='ocrx_word' id='word_1_228' title='bbox 351 4013 448 4075; x_wconf 88' lang='lat' dir='ltr'><strong>veluti</strong></span> <span class='ocrx_word' id='word_1_229' title='bbox 464 4012 588 4076; x_wconf 88' lang='lat' dir='ltr'><strong>merulis</strong></span> <span class='ocrx_word' id='word_1_230' title='bbox 604 4013 741 4076; x_wconf 90' lang='lat' dir='ltr'><strong>intentus</strong></span> <span class='ocrx_word' id='word_1_231' title='bbox 753 4016 870 4081; x_wconf 89' lang='lat' dir='ltr'><strong>decidit</strong></span> <span class='ocrx_word' id='word_1_232' title='bbox 885 4040 997 4104; x_wconf 85' lang='lat' dir='ltr'><strong>auceps</strong></span> 
     </span>
     <span class='ocr_line' id='line_1_37' title="bbox 302 4110 1100 4204; baseline 0.019 -32"><span class='ocrx_word' id='word_1_233' title='bbox 302 4110 342 4172; x_wconf 92' lang='lat' dir='ltr'><strong>ln</strong></span> <span class='ocrx_word' id='word_1_234' title='bbox 359 4127 484 4194; x_wconf 90' lang='lat' dir='ltr'><strong>puteum</strong></span> <span class='ocrx_word' id='word_1_235' title='bbox 501 4114 671 4189; x_wconf 77' lang='lat' dir='ltr'><strong>sensumve,</strong></span> <span class='ocrx_word' id='word_1_236' title='bbox 688 4114 760 4177; x_wconf 90' lang='lat' dir='ltr'><strong>licet</strong></span> <span class='ocrx_word' id='word_1_237' title='bbox 772 4118 958 4196; x_wconf 85' lang='lat' dir='ltr'><strong>Succurrite‚</strong></span> <span class='ocrx_word' id='word_1_238' title='bbox 975 4122 1100 4204; x_wconf 84' lang='lat' dir='ltr'><strong>longum</strong></span> 
     </span>
    </p>
   </div>
   <div class='ocr_carea' id='block_1_4' title="bbox 0 0 1440 5010">
    <p class='ocr_par' dir='ltr' id='par_1_36' title="bbox 0 0 1440 5010">
     <span class='ocr_line' id='line_1_38' title="bbox 0 0 1440 5010; baseline 0 7"><span class='ocrx_word' id='word_1_239' title='bbox 0 0 1440 5010; x_wconf 95' lang='lat' dir='ltr'><strong> </strong></span> 
     </span>
    </p>
   </div>
  </div>
 </body>
</html>
