2872 5010
474 480 714 534 nrrsronanpu
741 480 807 522 cin.
831 480 854 522 r.
879 459 930 523 13.

203 631 237 694 Si
253 631 353 694 ventri
368 632 457 708 bene,
473 631 498 694 si
514 631 602 694 latori
617 643 664 693 est
678 628 869 714 pedibusque
885 629 957 704 tuis,
973 628 1018 690 nil

202 733 333 796 Divitiae
345 747 489 816 poterunt
503 734 621 816 regales
636 733 749 796 addere
764 732 872 815 majus.

204 835 236 897 si
253 835 331 898 forte
347 836 377 897 in
396 836 497 898 medio
512 836 680 918 positorum
698 835 865 897 abstemius
879 833 983 897 herbis

203 938 292 999 Vivis
306 952 336 1000 et
352 938 461 1013 urtica,
477 938 521 1000 sic
536 938 621 1001 vives
637 937 788 1021 protinus,
805 949 840 998 ut
856 951 886 1000 te

202 1038 372 1101 Confestim
389 1038 525 1122 liquidus
539 1038 673 1102 fortunae
688 1038 773 1100 rivus
788 1038 927 1103 inauret:

201 1139 260 1201 Vel
275 1139 347 1222 quia
361 1151 502 1202 naturam
519 1153 638 1203 mutare
653 1138 786 1223 pecunia
800 1140 920 1213 nescit;

202 1240 260 1303 Vel
275 1241 347 1325 quia
361 1253 472 1303 cuncta
486 1254 577 1323 putas
593 1263 655 1304 uua
670 1241 785 1305 virtute
800 1242 929 1307 minora.

200 1342 355 1405 Miramur
370 1341 396 1404 si
412 1343 584 1405 Democriti
600 1364 693 1426 pecus
707 1343 774 1405 edit
788 1343 903 1426 agellos
1071 1411 1074 1417 Δ

202 1444 369 1528 Cultaque,
385 1443 458 1506 dum
474 1465 600 1527 peregre
616 1455 662 1505 est
677 1443 798 1505 animus
813 1444 878 1507 sine
894 1466 1018 1527 corpore
1033 1444 1146 1507 velox?

203 1551 284 1611 Cum
301 1560 337 1609 tu
352 1546 432 1608 inter
447 1544 578 1608 scabiem
596 1556 711 1607 tantam
729 1556 760 1605 et
776 1545 918 1627 contagia
931 1543 1009 1608 lucri

203 1649 260 1712 Nil
275 1669 404 1731 parvum
421 1646 533 1730 sapias,
548 1659 580 1709 et
594 1644 697 1709 adbuc
712 1643 855 1708 sublimia
871 1667 977 1709 cures:
1156 1648 1196 1709 15

205 1749 284 1822 Quae
300 1767 382 1807 mare
397 1757 592 1827 compescant
606 1761 729 1813 causae3
754 1741 829 1826 quid
845 1755 995 1826 temperet
1009 1765 1122 1807 annum
1134 1767 1144 1815 ;

206 1842 312 1905 Stellae
327 1854 436 1925 sponte
452 1863 516 1916 sua,
527 1841 666 1924 jussaene
682 1852 833 1923 vagentur
847 1854 879 1903 et
894 1854 1015 1915 errent;
1125 1871 1129 1877 ’

206 1945 289 2022 Quid
306 1957 423 2029 premat
438 1945 600 2006 obscurum
618 1943 731 2018 Lunae,
747 1941 821 2026 quid
838 1942 971 2026 proferat
986 1945 1110 2014 orbem;

206 2046 290 2122 Quid
305 2045 380 2109 velit
395 2059 426 2109 ct
441 2045 537 2129 possit
552 2067 652 2108 rerum
669 2043 833 2109 concordia
847 2045 983 2118 discors;

204 2149 422 2232 Empedocles,
439 2170 477 2210 an
495 2148 676 2211 Stertinium
693 2147 802 2211 deliret
818 2168 956 2210 acumen.
1155 2149 1199 2209 20

207 2251 320 2312 Verum
336 2271 391 2313 seu
405 2249 516 2332 pisces,
532 2270 587 2311 seu
600 2270 726 2331 porrum
743 2260 776 2309 et
791 2270 875 2331 caepe
891 2248 1037 2325 trucidas,

206 2352 305 2414 Utere
321 2349 469 2432 Pompeio
486 2349 650 2433 Grospho;
675 2362 707 2412 et
721 2348 823 2432 siquid
836 2360 932 2431 petet,
948 2349 1029 2412 ultro

206 2451 323 2516 Defert
347 2452 393 2514 nil
409 2451 573 2535 Grosphus
588 2451 647 2515 nisi
663 2473 769 2514 verum
786 2450 885 2513 orabit
900 2464 931 2514 et
946 2473 1082 2536 aequum.

207 2553 287 2617 Vilis
302 2553 468 2620 amicorum
484 2566 531 2616 est
546 2574 678 2630 annona,
693 2553 781 2617 bonis
795 2553 849 2617 ubi
865 2554 941 2638 quid
955 2555 1041 2618 de'st.

207 2656 258 2719 Ne
274 2667 376 2718 tamen
392 2655 513 2739 ignores
528 2676 589 2739 quo
604 2656 643 2718 sit
659 2657 802 2719 Romana
816 2654 884 2718 loco
898 2678 964 2719 res:
1156 2659 1198 2721 25

207 2755 363 2821 Cantaber
378 2757 543 2840 Agrippae,
556 2756 670 2820 Claudi
686 2756 800 2820 virtute
816 2757 949 2821 Neronis

205 2861 376 2924 Armenius
391 2860 521 2924 cecidit:
540 2859 593 2943 jus
609 2859 832 2944 imperiumque
847 2859 998 2924 Phraates

207 2965 339 3030 Caesaris
354 2964 472 3048 accepit
485 2963 616 3047 genibus
632 2962 750 3025 minor:
774 2983 866 3026 aurea
879 2961 984 3046 fruges

208 3067 310 3130 Italiae
324 3066 417 3151 pleno
432 3064 553 3129 defudit
569 3064 669 3149 Copia
684 3086 788 3127 cornu.

521 3240 890 3250 ----------

520 3353 761 3417 EPISTOLA
785 3352 895 3416 Xlll.

504 3537 549 3577 AD
575 3534 702 3576 VlNlUbl
728 3534 901 3575 ASELLAM.

207 3675 263 3738 Ur
279 3671 523 3756 proficiscentem
538 3675 629 3738 docui
646 3687 676 3737 te
692 3695 775 3756 saepe
790 3673 917 3757 diuque,

207 3777 355 3858 Augusto
369 3774 479 3838 reddes
495 3774 614 3858 signata
628 3775 796 3851 volumina,
813 3775 898 3848 Vini,

210 3876 244 3940 Si
260 3877 393 3954 validus,
409 3877 435 3940 si
450 3877 542 3940 laetus
556 3877 625 3956 erit,
640 3878 665 3941 si
680 3878 813 3963 denique
829 3890 955 3963 poscet;

209 3982 259 4044 Ne
275 3979 377 4044 studio
391 3979 486 4043 nostri
503 4002 621 4064 pecces,
638 3981 803 4066 odiumque
819 3980 931 4045 libellis

210 4079 346 4145 Sedulus
362 4081 520 4166 importes,
536 4105 629 4167 opera
643 4083 825 4147 vehemente
840 4083 989 4146 minister.
1182 4086 1203 4146 5

210 4184 244 4246 Si
257 4198 287 4248 te
302 4184 380 4248 forte
395 4206 472 4248 meae
487 4184 590 4268 gravis
605 4198 673 4249 uret
688 4185 806 4250 sarcina
821 4185 945 4258 cbartae,
