2872 5010
241 400 285 461 24
558 414 591 459 u.
615 411 761 454 noraru
787 410 909 452 raam

246 587 299 649 lra
311 583 373 645 suit
384 579 539 663 capitalis,
553 594 590 641 ut
603 578 714 642 ultima
728 576 883 641 divideret
898 598 981 641 mora

247 687 320 749 Non
334 684 426 746 aliam
441 683 483 744 ob
497 702 633 758 causum,
647 680 707 742 nisi
719 679 804 762 quod
817 679 919 741 virtus
933 678 966 741 in
980 691 1113 764 utroque

246 790 375 852 Summa
388 785 458 847 suit.
505 784 579 845 Duo
590 783 616 844 si
632 780 785 845 discordia
798 794 889 844 vexet
903 780 1039 853 ineram
1200 784 1248 847 la

247 893 316 952 Aut
331 889 357 951 si
371 886 548 970 disparibus
561 884 677 947 bellum
693 882 823 957 incidnt,
838 896 874 945 ut
888 882 1037 947 Diomedi

248 992 331 1053 Cum
347 988 449 1071 Lycio
465 987 608 1058 Glauco;
632 985 770 1047 discedet
786 984 913 1068 pigrior,
928 984 1013 1049 ultro

247 1088 434 1153 Muneribus
449 1087 716 1167 missis)-Bruto
732 1087 870 1150 Praetore
883 1100 1011 1152 tenente

249 1192 358 1254 Ditem
380 1192 504 1267 Asiam,
521 1189 632 1273 Rupili
648 1202 679 1251 et
695 1190 784 1250 Persi
799 1209 856 1271 par
868 1202 1001 1272 pugnat,
1016 1189 1064 1253 nti
1077 1210 1140 1253 nou

248 1294 464 1377 Conpositum
488 1291 598 1355 melius
612 1311 683 1354 cum
707 1289 804 1353 Bitho
815 1289 992 1364 Baoeltiur3
1015 1291 1050 1354 in
1057 1291 1114 1376 jus
1199 1296 1247 1357 2⁰

247 1398 344 1458 Actes
358 1408 553 1479 procmmnt,
569 1415 714 1476 magnum
727 1392 936 1477 spectandum
951 1406 1091 1479 uterque.

249 1496 376 1560 Persius
391 1499 521 1583 exponit
538 1517 673 1571 causam,
689 1495 808 1558 ridetur
822 1496 863 1559 ab
876 1495 961 1558 omni

250 1600 437 1673 Conventu3
461 1601 567 1664 laudat
589 1601 733 1669 Brutum,
749 1597 918 1682 laudatque
931 1597 1089 1662 cohortem
1102 1623 1113 1671 ;

251 1700 354 1766 Solem
367 1703 457 1765 Asiae
472 1700 605 1764 Brutum
621 1700 771 1784 appellat3
796 1699 962 1784 stellasque
974 1699 1113 1765 salubres

252 1805 404 1889 Appellat
418 1806 556 1878 comites,
569 1817 698 1887 excepto
714 1804 824 1886 Rege3
848 1824 955 1866 canem
967 1803 1069 1881 illum,
1201 1805 1245 1869 25

254 1907 396 1973 Invisum
411 1907 553 1991 agricolis
565 1905 661 1979 sidus,
674 1904 812 1966 venisse:
836 1906 945 1968 ruebat

253 2009 387 2073 Flumen
403 2022 438 2070 ut
452 2008 629 2081 hibernum,
644 2005 741 2067 fertur
755 2026 817 2089 quo
830 2027 899 2068 rara
913 2007 1039 2070 securis.

255 2113 340 2175 'l'um
359 2109 572 2173 Praenestinus
588 2107 668 2172 salso
681 2107 841 2192 multoque
854 2105 964 2170 fluenti

255 2215 415 2295 Expressa
426 2213 553 2276 arbusto
566 2210 679 2295 regerit
693 2210 844 2291 convicia,
856 2211 952 2276 durus

255 2314 480 2392 Vindemiator‚
495 2329 528 2379 ct
543 2314 688 2393 invictus,
703 2315 754 2379 cui
769 2337 851 2402 soepe
866 2316 965 2379 viator
1202 2316 1249 2380 ³0

257 2419 420 2496 cessisset,
435 2440 548 2503 magna
561 2418 748 2504 compellans
762 2441 838 2482 voce
851 2418 1005 2484 cuculum.

256 2524 305 2583 At
320 2523 464 2596 Graecus,
479 2536 641 2605 postquam
654 2536 701 2586 est
719 2521 801 2585 Italo
814 2522 957 2605 perfusus
967 2534 1066 2597 aceto,

258 2622 384 2685 Persius
399 2623 561 2693 exclamat,
580 2624 641 2685 Por
662 2644 800 2705 magnos,
825 2622 935 2698 Brute,
952 2625 1037 2687 Deos
1058 2636 1090 2686 tc

257 2724 332 2798 Oro,
346 2720 398 2803 qui
414 2744 501 2803 reges
512 2724 667 2785 consueris
683 2722 801 2797 tollere,
813 2745 869 2786 cur
882 2746 944 2785 non

260 2821 357 2883 Hunc
375 2823 493 2904 llcgcm
504 2822 657 2905 jugulas?
680 2843 805 2904 operum
823 2824 882 2886 hoc
895 2824 987 2899 (mihi
1002 2826 1106 2905 crede)
1125 2839 1248 2892 tuorum

344 2936 399 2985 cst.
1205 2932 1249 2993 35

581 3114 585 3119 .
594 3109 920 3121 .--.—-—=——-—

606 3283 788 3346 SATIRA
812 3282 913 3345 VIII.

261 3484 357 3550 Oaru
369 3495 495 3549 truncus
510 3507 593 3550 eram
607 3486 751 3566 ficulnus,
766 3485 877 3551 inutile
890 3486 1022 3571 lignum,

263 3588 343 3651 Cutn
359 3584 445 3648 faber
460 3586 595 3653 inccrtus
613 3612 771 3654 scamnum
785 3589 899 3655 faceret
915 3613 953 3654 ne
968 3591 1129 3675 Priapum,

264 3686 383 3752 Maluit
397 3709 463 3750 esse
477 3689 588 3754 deum:
613 3694 690 3757 deus
705 3693 778 3759 inde
793 3715 862 3778 ego,
871 3692 975 3756 furum
991 3693 1157 3779 aviumque

266 3788 408 3855 Maxima
421 3789 572 3865 formid03
596 3817 667 3860 nam
684 3796 766 3860 fures
781 3798 892 3861 dextra
906 3805 1038 3874 coercet,

266 3893 480 3977 Obscoenoque
495 3894 587 3959 ruber
601 3912 759 3982 porrectus
773 3901 812 3964 ab
828 3899 954 3983 inguine
972 3897 1080 3982 palus:
1234 3908 1255 3966 5

268 3997 331 4058 Ast
346 3992 536 4078 importunas
550 3999 689 4064 volucres
704 4001 736 4064 in
747 4001 861 4065 vertice
876 4002 995 4066 arundo

269 4099 300 4161 Τ
302 4108 381 4160 erret
395 4095 467 4173 lixa,
480 4111 625 4184 vetatque
636 4102 724 4167 novis
739 4104 897 4170 considere
911 4106 944 4169 in
959 4106 1067 4172 hortis.
