2872 5010
191 432 252 493 110
516 450 546 495 o·
571 446 717 492 nonanis
743 447 865 490 nimios

319 599 458 675 Barbite,
474 620 608 675 cannen,

234 703 349 768 Lesbio
364 701 496 786 primum
512 701 669 765 modulate
683 701 744 764 civi
757 726 767 774 ς

234 806 296 883 Qui
311 805 396 869 ferox
410 802 503 881 bello,
521 814 623 866 tamen
638 801 718 866 inter
732 821 827 880 arma,

233 907 307 970 Sive
316 906 465 990 jactatam
480 901 626 987 religdrat
641 904 703 968 udo

319 1007 442 1071 Littore
455 1006 571 1084 navim,

234 1110 382 1172 Liberum
399 1121 430 1172 et
446 1111 569 1185 Musas,
586 1107 796 1192 Veneremque
811 1120 843 1173 et
856 1107 903 1172 illi

235 1213 363 1292 Semper
376 1208 545 1273 haerentem
566 1209 702 1272 Puerum
718 1211 858 1289 canebat,

235 1312 280 1373 Et
295 1311 419 1394 Lycum
433 1310 530 1393 nigris
546 1310 643 1375 oculis
656 1311 806 1397 nigroque

322 1412 418 1476 Crine
433 1410 587 1476 decorum.

236 1511 269 1579 Ο
283 1514 377 1580 decus
393 1513 518 1591 Phoebi,
534 1527 566 1578 et
580 1514 711 1599 dapibus
727 1514 861 1598 supremi

235 1618 336 1681 Grata
350 1616 473 1680 testudo
487 1616 510 1678 J
512 1616 589 1693 ovis,
606 1619 635 1679 Ο
650 1617 789 1681 laborum

206 1745 208 1749 ’
235 1717 339 1783 Dulce
354 1719 499 1795 lenimen,
516 1716 592 1780 mibi
608 1740 729 1802 cunque
744 1717 828 1782 salve

367 1820 444 1884 Rite
458 1819 591 1883 vocanti.

422 2130 517 2193 ODE
542 2130 730 2194 XXXIII.
777 2134 828 2211 (m.
852 2135 936 2213 xva.)

481 2323 527 2363 AD
552 2322 684 2365 numum
710 2322 897 2367 munium.

237 2456 337 2531 Anni,
355 2473 395 2516 ne
409 2453 514 2516 doleas
529 2453 600 2536 plus
615 2454 711 2517 nimio
726 2474 842 2518 memor

240 2555 376 2619 Immitis
388 2554 554 2638 Glycerae;
576 2568 638 2618 neu
653 2555 843 2620 miserabiles

238 2657 393 2720 Decantes
407 2655 520 2739 elegos,
537 2679 591 2719 cur
606 2657 662 2721 tibi
672 2657 779 2742 junior
871 2658 881 2675 ‘

367 2759 460 2820 Laesa
474 2758 638 2841 praeniteat
651 2757 725 2822 fide.

238 2859 397 2943 Insignem
415 2860 501 2922 tenui
515 2860 616 2924 fronte
632 2859 790 2944 Lycorida
885 2843 889 2853 ’

239 2960 315 3044 Cyri
331 2973 426 3023 torret
441 2981 545 3034 amon
571 2962 674 3044 Cyrus
689 2960 722 3024 in
737 2982 875 3046 asperam

238 3060 386 3127 Declinat
398 3061 557 3126 Pholoen:
582 3062 637 3126 sed
652 3062 739 3146 prius
754 3063 892 3148 Appulia

372 3166 554 3248 Iungentur
568 3185 689 3247 capreae
703 3164 797 3248 lupis,

237 3267 338 3339 Quam
354 3267 438 3348 turpi
454 3266 574 3329 Pholoe
587 3280 695 3351 peccet
709 3266 860 3331 adultero.

238 3365 290 3427 Sic
306 3365 407 3427 visum
423 3365 555 3438 Veueri;
581 3367 632 3429 cui
646 3367 749 3451 placet
762 3367 895 3452 impares

237 3465 367 3528 Formas
382 3479 474 3547 atque
489 3467 607 3531 animoa
622 3469 680 3531 sub
689 3469 768 3553 juga
783 3468 900 3532 ahenea

367 3568 458 3630 Saevo
472 3568 595 3633 mittere
610 3592 682 3634 cum
688 3571 772 3655 joco.

238 3669 348 3749 Ipsum
363 3689 412 3733 me
426 3669 535 3734 melior
550 3693 619 3735 cum
636 3685 754 3756 peteret
765 3673 883 3749 Venus,

234 3767 334 3834 Grata
349 3771 484 3835 detinuit
498 3774 645 3857 compede
662 3773 802 3857 Myrtale

175 3910 181 3921 ·
239 3872 411 3949 Libertina,
428 3872 515 3936 fretis
531 3875 628 3937 acrior
643 3874 756 3937 Adrioe

366 3974 534 4040 Curvantis
546 3972 694 4038 Calabros
709 3974 805 4036 sinus.

533 4124 842 4141 Μ
