2872 5010
490 508 679 552 senmurum
704 508 770 549 rin.
796 508 833 549 11.
857 484 888 550 6.

200 660 340 726 Unctum
357 660 422 723 oleo
438 659 525 744 largo
540 659 632 723 nudis
646 657 784 721 humeris
799 658 873 721 tulit
887 655 1003 721 hoercs:

200 765 325 828 Scilicet
337 760 419 825 elabi
435 761 460 824 si
476 777 580 846 posset
595 775 735 824 mortua:
759 761 861 833 crede,

172 845 181 861 .
200 867 291 945 Quod
307 865 436 929 nimium
452 863 606 927 institerat
621 863 747 926 viventi.
794 862 914 926 Cautus
929 860 1030 924 adito:

200 969 272 1031 Neu
288 966 369 1032 desis
385 988 497 1050 operae,
512 987 590 1029 neve
605 965 824 1027 immoderatus
839 963 985 1026 abundes.

201 1068 368 1132 Difficilem
384 1082 415 1130 et
430 1089 581 1130 morosum
596 1065 730 1130 offendet
745 1065 904 1150 garrulus:
929 1064 1014 1127 ultro
1150 1065 1192 1130 90

200 1172 272 1233 Non
288 1170 378 1233 etiam
396 1169 495 1233 sileas.
540 1171 649 1232 Davus
664 1168 706 1231 sis
720 1168 865 1244 comicus,
882 1181 973 1251 atque

199 1276 270 1336 Stes
285 1272 387 1355 capite
401 1271 532 1355 obstipo,
549 1271 680 1334 multum
697 1271 805 1333 similis
820 1269 979 1334 metuenti.

200 1375 356 1459 Obsequio
371 1397 525 1458 grassare:
551 1396 651 1450 mone,
668 1373 692 1436 si
709 1374 876 1436 increbruit
891 1396 975 1449 surm

199 1480 322 1540 Cautus
337 1477 383 1539 uti
400 1477 482 1540 velet
497 1498 601 1539 earum
617 1488 729 1558 caput:
755 1474 881 1538 extrahe
897 1476 999 1551 turbe,

201 1577 361 1662 Oppositis
372 1577 528 1640 humeris:
554 1599 657 1640 aurem
674 1574 849 1658 substringe
864 1575 994 1658 loquaci.
1150 1579 1192 1644 95

203 1682 405 1763 Importunus
420 1694 502 1742 amat
518 1679 665 1742 laudari?
689 1679 786 1740 donee
802 1676 893 1741 Ohe!
912 1679 979 1760 jam

202 1783 253 1844 Ad
268 1781 380 1845 coelum
398 1781 539 1844 nranibus
554 1780 694 1858 sublatio,
711 1779 833 1855 dixerit,
850 1800 968 1861 urgue;
992 1795 1022 1842 et

204 1881 399 1946 Crescentem
418 1882 545 1946 tumidis
560 1881 633 1946 infla
650 1883 840 1945 sermonibus
856 1897 966 1944 utrem.

202 1988 284 2048 Cum
301 2000 331 2048 te
346 1985 470 2048 servitio
485 1985 578 2069 longo
590 2007 723 2070 curaque
738 1984 871 2057 levium

202 2088 247 2150 Et
261 2100 376 2150 certum
393 2085 538 2170 vigilans,
555 2089 681 2165 Quartae
697 2100 762 2151 esto
776 2089 873 2172 partis
889 2089 1031 2172 Ulysses‚
1134 2089 1197 2152 100

201 2189 356 2267 Audieris,
373 2189 490 2253 hseres:
517 2193 604 2273 Ergo
619 2211 702 2253 nune
718 2191 821 2253 Dema
832 2190 945 2253 sodalis

202 2292 363 2376 Nusquam
380 2296 453 2354 est?
477 2291 561 2355 unde
575 2290 653 2354 mihi
669 2303 732 2354 tam
747 2291 870 2370 fortem,
884 2304 1008 2375 tamque
1018 2290 1164 2356 fidelem?

204 2393 322 2474 Sparge
338 2392 487 2455 subinde:
512 2405 555 2470 et,
571 2392 597 2454 si
612 2391 740 2475 paulum
753 2406 852 2475 potes,
869 2392 1071 2475 illacrymare.
1115 2394 1176 2456 Est

202 2492 330 2557 Gaudia
345 2492 526 2576 prodentem
536 2495 658 2557 vultum
673 2493 782 2557 celare.
828 2493 1009 2578 Sepulcrum

203 2595 391 2658 Permissum
408 2595 546 2674 arbitrio,
560 2595 628 2659 sine
642 2593 782 2659 sordibus
797 2609 939 2660 exstrue:
963 2594 1057 2660 funus
1137 2599 1195 2661 105

204 2697 340 2780 Egregie
353 2697 468 2761 factum
485 2697 591 2762 laudet
605 2696 728 2762 ricinia.
776 2697 879 2782 Siquis

204 2801 299 2863 Forte
310 2799 504 2864 cohaeredum
521 2801 621 2864 senior
636 2800 716 2864 male
732 2800 852 2874 tussiet,
863 2798 936 2864 huic
952 2813 988 2864 tu

203 2901 276 2978 Dic,
294 2923 332 2964 ex
348 2915 435 2985 parte
452 2915 516 2980 tus,
532 2924 586 2965 seu
597 2901 686 2965 fundi
699 2902 764 2966 sive
779 2905 889 2965 domus
905 2904 946 2966 sit

203 3005 324 3081 Emtor,
335 3003 522 3086 gaudentem
537 3025 663 3067 nummo
680 3018 709 3068 te
725 3005 877 3069 addicere.
923 3007 985 3071 Sed
1000 3029 1049 3070 me

204 3100 373 3185 Imperiosa
387 3099 483 3164 trahit
498 3102 702 3184 Proserpina:
727 3102 798 3166 vive
814 3103 954 3187 valeque.
1135 3103 1195 3165 110

569 3513 745 3575 SATIRA
768 3510 826 3574 VI.

203 3716 278 3776 Hoc
295 3715 407 3778 eratin
422 3716 521 3789 sotim
545 3717 655 3779 modus
665 3716 731 3800 agri
746 3737 808 3779 non
824 3716 868 3779 ita
882 3736 1023 3799 magnus,

202 3818 324 3879 Hortus
338 3817 405 3896 ubi,
421 3833 452 3882 et
467 3831 549 3883 tecto
564 3818 685 3882 vicinus
694 3817 782 3902 jugis
797 3839 886 3901 squae
900 3817 970 3880 fons

201 3921 247 3983 Et
262 3918 388 4002 paulum
404 3920 492 3983 silvae
506 3941 598 4004 super
613 3918 663 3983 his
676 3920 773 3984 foret:
797 3920 918 3984 auctius
932 3932 1024 4005 atque

203 4024 253 4086 Dl
271 4021 382 4085 melius
393 4021 510 4086 fecere:
535 4023 613 4087 bene
628 4035 692 4087 est:
717 4023 763 4086 nil
777 4023 911 4107 amplius
925 4045 990 4098 oro,

204 4123 293 4188 Maia
307 4137 391 4202 nate,
403 4125 462 4188 nisi
475 4139 511 4188 ut
524 4126 648 4210 propria
659 4125 728 4190 haee
743 4125 821 4189 mihi
836 4145 962 4187 munera
975 4121 1064 4188 faxis.

203 4226 236 4290 Si
252 4248 351 4310 neque
367 4228 513 4310 majorem
525 4228 584 4292 feci
600 4227 718 4292 ratione
733 4228 814 4292 mela
828 4249 904 4304 rem,
