2872 5010
509 490 701 534 suauonuu
726 490 793 533 ms.
818 492 856 533 ιι.
880 470 912 535 6.
1157 476 1200 539 55

202 643 316 723 Vellet,
329 641 392 706 iter
409 641 536 719 iaciens,
551 653 583 704 et
597 640 647 704 eui
663 642 844 706 coumedere
858 662 958 727 nugas

203 748 275 811 Hoc
284 767 402 830 genus,
429 745 518 807 Hora
526 756 673 828 quotsest
687 747 701 806 Ρ
718 743 828 808 Threx
837 759 884 808 est
896 743 1024 810 Gallina
1034 748 1112 832 Sym
1122 752 1196 834 par?

202 848 364 913 Matutine
378 866 488 931 parum
504 857 610 909 cautos
619 845 685 930 jam
695 844 811 930 frigora
827 846 986 911 mordent:
1154 854 1196 915 45

202 950 247 1013 Et
261 971 332 1034 quae
345 948 458 1011 rimosa
471 947 549 1011 bene
564 947 763 1031 deponuntur
777 948 810 1012 in
825 971 909 1014 aure.

203 1053 264 1114 Per
279 1063 377 1114 totum
393 1048 452 1113 hoc
467 1061 589 1133 tempus
605 1049 770 1134 subjectior
784 1049 816 1114 in
832 1051 913 1114 diem
927 1063 960 1115 et
981 1051 1085 1117 boram

203 1152 347 1217 lnvidiae.
393 1153 508 1215 Noster
522 1151 612 1215 ludos
627 1165 819 1236 spectaverat
832 1175 913 1226 una;

202 1253 336 1317 Luserat
350 1251 383 1316 in
400 1254 537 1336 Camp0;
560 1253 710 1317 Fortunae
725 1254 825 1328 filius;
851 1277 968 1321 omnes.

201 1355 350 1439 Frigidus
363 1377 382 1419 a
398 1354 521 1418 Rostris
536 1370 640 1419 manat
655 1378 710 1441 per
724 1357 859 1441 compita
873 1379 994 1432 rumor:
1151 1365 1194 1424 50

201 1457 386 1542 Quicunque
400 1457 510 1521 obvius
525 1468 582 1533 cst,
599 1477 648 1519 me
663 1458 816 1530 consulit;
842 1457 869 1529 il
887 1460 916 1523 0
932 1459 1011 1524 bone
1022 1462 1103 1539 (nam
1121 1476 1151 1526 te

203 1561 299 1636 Scire,
315 1562 402 1624 Deos
416 1559 561 1644 quoniam
577 1558 705 1641 propius
720 1558 885 1641 contingis,
900 1564 1034 1644 oportet)

202 1664 288 1726 Num
303 1661 379 1746 quid
394 1663 434 1724 de
448 1661 545 1726 Dacis
560 1661 701 1724 audisti?
725 1662 753 1732 il
768 1661 824 1724 Nil
839 1663 992 1746 equidem.
1037 1667 1065 1737 ll
1082 1668 1129 1730 Ut
1145 1680 1180 1731 tu

202 1768 332 1848 Semper
346 1765 405 1828 eris
421 1764 556 1828 derisor!
605 1763 633 1833 ll
652 1766 699 1825 At
715 1784 821 1826 omnes
836 1765 888 1827 DI
906 1765 1063 1849 exagitent
1077 1788 1136 1842 me,

204 1867 238 1930 Si
253 1867 427 1951 quicquam.
451 1865 478 1937 il
498 1866 605 1944 Quid?
628 1864 778 1928 militibus
789 1865 939 1948 promissa
955 1868 1123 1953 Triquetra
1152 1873 1194 1936 55

202 1969 326 2033 Praedia
343 1970 466 2042 Caesar,
490 1990 530 2033 an
546 1982 593 2033 est
609 1968 693 2032 Itala
706 1966 817 2031 tellure
832 1968 987 2032 daturus?

202 2073 367 2135 durantem
383 2093 433 2134 me
448 2070 525 2134 scire
540 2070 619 2134 nihil
635 2069 786 2133 mirannu
799 2082 836 2133 ut
850 2092 946 2135 unum

204 2173 328 2238 Scilicet
342 2173 459 2258 egregii
475 2173 634 2238 mortalem
650 2172 767 2256 altique
781 2172 894 2236 silenti.

202 2277 349 2341 Perditur
360 2275 428 2338 haec
442 2275 523 2337 iuter
538 2275 647 2338 misero
662 2274 728 2350 lux,
743 2295 806 2336 uou
821 2273 888 2337 sine
902 2274 1001 2336 votis:

203 2379 232 2441 0
248 2400 300 2441 rus
315 2376 440 2462 quando
455 2396 512 2460 ego
527 2386 558 2439 te
572 2373 744 2458 aspiciam?
768 2374 952 2459 quandoque
967 2375 1083 2454 licebit,
1150 2377 1195 2444 60

204 2483 234 2544 N
237 2502 298 2544 unc
309 2492 447 2543 veterum
462 2477 560 2551 libris,
575 2497 659 2539 nuuc
674 2496 780 2539 somno
794 2487 826 2539 et
839 2475 989 2542 inertibus
1004 2477 1087 2544 boris

203 2584 329 2646 Ducere
344 2580 472 2644 solicitoe
482 2578 624 2664 jucunda
638 2577 753 2641 oblivia
767 2577 864 2642 vitae?

204 2686 233 2748 0
249 2683 373 2768 quando
387 2681 460 2746 faba
476 2680 664 2765 Pythagorae
679 2692 820 2764 cognata,
835 2679 988 2765 simulque

203 2785 312 2848 Uncto
326 2783 400 2847 satis
414 2782 524 2867 pingui
539 2795 693 2866 ponentur
707 2781 845 2845 olmculu
860 2781 973 2845 lardo?

205 2888 234 2950 Ο
248 2899 353 2950 noctes
368 2906 526 2968 ooeuaeque
540 2883 653 2948 dedm!
670 2883 782 2967 quibus
796 2883 862 2967 ipse
878 2884 1008 2970 meique,
1151 2886 1195 2952 65

203 2990 291 3052 Ante
304 2988 399 3052 larem
415 2985 573 3071 proprium
585 3007 701 3062 vescor,
718 3007 888 3071 vernasque
901 3008 1043 3070 procaces

204 3090 301 3154 Pasco
315 3089 419 3153 libatis
434 3087 574 3172 dapibus.
621 3089 721 3151 Prout
736 3087 847 3172 cuique
862 3088 958 3153 libido
972 3105 1030 3165 est,

206 3191 309 3255 Siccat
322 3189 490 3275 inaequales
505 3190 616 3254 calices
631 3188 761 3252 conviva
776 3189 896 3253 solutus

204 3291 344 3376 Legibus
358 3291 496 3363 insanis3
522 3313 576 3355 seu
590 3291 659 3376 quis
675 3291 757 3375 capit
768 3292 850 3355 acria
861 3292 948 3357 fortis

204 3390 332 3468 Pocula,
348 3413 402 3454 seu
417 3392 546 3456 modicis
561 3392 679 3456 uvescit
694 3392 806 3456 laetius.
852 3395 939 3479 Ergo
1153 3396 1197 3478 70

205 3493 312 3556 Sermo
327 3494 425 3557 oritur
437 3516 498 3557 non
513 3494 552 3557 de
568 3494 650 3557 villis
665 3495 847 3559 domibusve
862 3497 981 3576 alienis,

204 3595 283 3673 Nec,
299 3596 379 3659 male
390 3618 488 3659 necne
504 3597 608 3679 Lepos
619 3597 729 3674 saltet3
752 3598 807 3661 sed
822 3600 904 3682 quod
920 3600 1018 3684 magis
1033 3601 1072 3664 ad
1087 3623 1143 3663 nos

204 3697 356 3772 Pertinet,
369 3712 401 3761 et
415 3700 532 3762 nescire
547 3699 661 3761 malum
678 3712 736 3770 est,
752 3699 921 3783 agitamus:
947 3717 1091 3766 utrumne

204 3797 335 3861 Divitiis
350 3797 501 3877 homines,
517 3822 555 3863 an
573 3800 636 3862 sint
650 3798 765 3862 virtute
780 3800 880 3875 beati;

205 3900 329 3977 Quidve
344 3902 383 3966 ad
398 3902 559 3978 amicitias,
577 3923 650 3966 usus
665 3915 823 3967 rectumne
838 3902 942 3969 trahat
952 3927 1030 3976 nos;
1152 3906 1196 3986 75

204 4004 250 4067 Et
264 4025 334 4087 quoe
349 4003 389 4068 sit
403 4017 515 4070 ustura
529 4005 620 4077 boni;
645 4026 861 4090 summumque
877 4007 952 4091 quid
966 4008 1042 4092 ejus.

204 4105 336 4169 Cervius
351 4104 419 4171 haec
435 4107 516 4172 inter
531 4107 651 4172 vicinus
665 4108 761 4192 garrit
776 4108 873 4173 aniles

204 4208 257 4271 Ex
272 4231 304 4273 re
318 4211 456 4275 fabellas.
503 4210 608 4296 Siquis
622 4232 693 4276 nam
710 4211 817 4276 laudat
831 4211 927 4275 Arelli
