<?xml version="1.0" encoding="UTF-8"?>
<!DOCTYPE html PUBLIC "-//W3C//DTD XHTML 1.0 Transitional//EN"
    "http://www.w3.org/TR/xhtml1/DTD/xhtml1-transitional.dtd">
<html xmlns="http://www.w3.org/1999/xhtml" xml:lang="en" lang="en">
 <head>
  <title>
</title>
<meta http-equiv="Content-Type" content="text/html;charset=utf-8" />
  <meta name='ocr-system' content='tesseract 3.04.00' />
  <meta name='ocr-capabilities' content='ocr_page ocr_carea ocr_par ocr_line ocrx_word'/>
</head>
<body>
  <div class='ocr_page' id='page_1' title='image "./horatiusrestitu00tategoog_0410.png"; bbox 0 0 2872 5010; ppageno 0'>
   <div class='ocr_carea' id='block_1_1' title="bbox 485 475 1194 557">
    <p class='ocr_par' dir='ltr' id='par_1_1' title="bbox 485 475 1194 557">
     <span class='ocr_line' id='line_1_1' title="bbox 485 475 1194 557; baseline -0.007 -13"><span class='ocrx_word' id='word_1_1' title='bbox 485 501 726 545; x_wconf 65' lang='lat' dir='ltr'>smarormaun</span> <span class='ocrx_word' id='word_1_2' title='bbox 752 499 818 543; x_wconf 78' lang='lat' dir='ltr'>nnn.</span> <span class='ocrx_word' id='word_1_3' title='bbox 840 500 861 541; x_wconf 91' lang='lat' dir='ltr'>r.</span> <span class='ocrx_word' id='word_1_4' title='bbox 885 483 916 541; x_wconf 86' lang='lat'>5.</span> <span class='ocrx_word' id='word_1_5' title='bbox 1132 475 1194 557; x_wconf 81' lang='lat'>175</span> 
     </span>
    </p>
   </div>
   <div class='ocr_carea' id='block_1_2' title="bbox 203 649 1202 1449">
    <p class='ocr_par' dir='ltr' id='par_1_2' title="bbox 203 649 953 739">
     <span class='ocr_line' id='line_1_2' title="bbox 203 649 953 739; baseline -0.009 -20"><span class='ocrx_word' id='word_1_6' title='bbox 203 655 266 734; x_wconf 87' lang='lat' dir='ltr'>Qui</span> <span class='ocrx_word' id='word_1_7' title='bbox 282 676 389 739; x_wconf 89' lang='lat' dir='ltr'>sapere</span> <span class='ocrx_word' id='word_1_8' title='bbox 403 666 434 717; x_wconf 89' lang='lat' dir='ltr'>et</span> <span class='ocrx_word' id='word_1_9' title='bbox 449 651 507 717; x_wconf 84' lang='lat' dir='ltr'>fari</span> <span class='ocrx_word' id='word_1_10' title='bbox 519 651 617 738; x_wconf 79' lang='lat' dir='ltr'><strong>possit</strong></span> <span class='ocrx_word' id='word_1_11' title='bbox 631 673 701 736; x_wconf 84' lang='lat' dir='ltr'>quae</span> <span class='ocrx_word' id='word_1_12' title='bbox 717 650 841 729; x_wconf 85' lang='lat' dir='ltr'>sentiat,</span> <span class='ocrx_word' id='word_1_13' title='bbox 857 663 888 714; x_wconf 89' lang='lat' dir='ltr'>et</span> <span class='ocrx_word' id='word_1_14' title='bbox 903 649 953 714; x_wconf 88' lang='lat' dir='ltr'>cui</span> 
     </span>
    </p>

    <p class='ocr_par' dir='ltr' id='par_1_3' title="bbox 203 749 1202 931">
     <span class='ocr_line' id='line_1_3' title="bbox 204 749 1202 837; baseline -0.009 -17"><span class='ocrx_word' id='word_1_15' title='bbox 204 757 326 832; x_wconf 82' lang='lat' dir='ltr'>Gratia,</span> <span class='ocrx_word' id='word_1_16' title='bbox 342 756 434 832; x_wconf 83' lang='lat' dir='ltr'>fama,</span> <span class='ocrx_word' id='word_1_17' title='bbox 451 754 598 818; x_wconf 88' lang='lat' dir='ltr'>valetudo</span> <span class='ocrx_word' id='word_1_18' title='bbox 612 755 773 837; x_wconf 89' lang='lat' dir='ltr'>contingat</span> <span class='ocrx_word' id='word_1_19' title='bbox 787 753 922 830; x_wconf 90' lang='lat' dir='ltr'>abunde,</span> <span class='ocrx_word' id='word_1_20' title='bbox 1160 749 1202 811; x_wconf 92' lang='grc'>10</span> 
     </span>
     <span class='ocr_line' id='line_1_4' title="bbox 203 855 965 931; baseline -0.007 -11"><span class='ocrx_word' id='word_1_21' title='bbox 203 859 248 920; x_wconf 86' lang='lat' dir='ltr'>Et</span> <span class='ocrx_word' id='word_1_22' title='bbox 263 856 397 920; x_wconf 86' lang='lat' dir='ltr'>mundus</span> <span class='ocrx_word' id='word_1_23' title='bbox 412 855 524 931; x_wconf 85' lang='lat' dir='ltr'>victus,</span> <span class='ocrx_word' id='word_1_24' title='bbox 540 877 602 918; x_wconf 91' lang='lat' dir='ltr'>non</span> <span class='ocrx_word' id='word_1_25' title='bbox 618 855 781 919; x_wconf 87' lang='lat' dir='ltr'>deficiente</span> <span class='ocrx_word' id='word_1_26' title='bbox 796 855 965 919; x_wconf 79' lang='lat' dir='ltr'>crumena?</span> 
     </span>
    </p>

    <p class='ocr_par' dir='ltr' id='par_1_4' title="bbox 204 955 957 1042">
     <span class='ocr_line' id='line_1_5' title="bbox 204 955 957 1042; baseline -0.004 -21"><span class='ocrx_word' id='word_1_27' title='bbox 204 960 292 1022; x_wconf 87' lang='lat' dir='ltr'><strong>Inter</strong></span> <span class='ocrx_word' id='word_1_28' title='bbox 306 980 391 1042; x_wconf 88' lang='lat' dir='ltr'>spem</span> <span class='ocrx_word' id='word_1_29' title='bbox 407 979 584 1042; x_wconf 86' lang='lat' dir='ltr'>curamque,</span> <span class='ocrx_word' id='word_1_30' title='bbox 602 957 727 1020; x_wconf 86' lang='lat' dir='ltr'>timores</span> <span class='ocrx_word' id='word_1_31' title='bbox 742 957 824 1021; x_wconf 87' lang='lat' dir='ltr'>inter</span> <span class='ocrx_word' id='word_1_32' title='bbox 839 968 870 1019; x_wconf 87' lang='lat' dir='ltr'>et</span> <span class='ocrx_word' id='word_1_33' title='bbox 885 955 957 1032; x_wconf 90' lang='lat' dir='ltr'>iras,</span> 
     </span>
    </p>

    <p class='ocr_par' dir='ltr' id='par_1_5' title="bbox 203 1059 989 1142">
     <span class='ocr_line' id='line_1_6' title="bbox 203 1059 989 1142; baseline -0.009 -18"><span class='ocrx_word' id='word_1_34' title='bbox 203 1063 335 1124; x_wconf 90' lang='lat' dir='ltr'><strong>Omnem</strong></span> <span class='ocrx_word' id='word_1_35' title='bbox 351 1061 441 1124; x_wconf 89' lang='lat' dir='ltr'>crede</span> <span class='ocrx_word' id='word_1_36' title='bbox 456 1060 538 1123; x_wconf 91' lang='lat' dir='ltr'>diem</span> <span class='ocrx_word' id='word_1_37' title='bbox 555 1060 611 1123; x_wconf 92' lang='lat' dir='ltr'>tibi</span> <span class='ocrx_word' id='word_1_38' title='bbox 628 1059 777 1123; x_wconf 81' lang='lat' dir='ltr'>diluxisse</span> <span class='ocrx_word' id='word_1_39' title='bbox 792 1077 989 1142; x_wconf 89' lang='lat' dir='ltr'>supremum:</span> 
     </span>
    </p>

    <p class='ocr_par' dir='ltr' id='par_1_6' title="bbox 204 1159 988 1246">
     <span class='ocr_line' id='line_1_7' title="bbox 204 1159 988 1246; baseline -0.006 -20"><span class='ocrx_word' id='word_1_40' title='bbox 204 1163 303 1226; x_wconf 89' lang='lat' dir='ltr'>Grata</span> <span class='ocrx_word' id='word_1_41' title='bbox 318 1162 524 1246; x_wconf 86' lang='lat' dir='ltr'>superveniet,</span> <span class='ocrx_word' id='word_1_42' title='bbox 539 1184 609 1246; x_wconf 87' lang='lat' dir='ltr'>quae</span> <span class='ocrx_word' id='word_1_43' title='bbox 625 1183 687 1224; x_wconf 92' lang='lat' dir='ltr'>non</span> <span class='ocrx_word' id='word_1_44' title='bbox 703 1161 887 1244; x_wconf 82' lang='lat' dir='ltr'>sperabitur,</span> <span class='ocrx_word' id='word_1_45' title='bbox 903 1159 988 1223; x_wconf 89' lang='lat' dir='ltr'>hora.</span> 
     </span>
    </p>

    <p class='ocr_par' dir='ltr' id='par_1_7' title="bbox 205 1260 1202 1449">
     <span class='ocr_line' id='line_1_8' title="bbox 205 1260 1202 1348; baseline -0.007 -20"><span class='ocrx_word' id='word_1_46' title='bbox 205 1267 262 1328; x_wconf 90' lang='lat' dir='ltr'>Me</span> <span class='ocrx_word' id='word_1_47' title='bbox 276 1265 422 1348; x_wconf 83' lang='lat' dir='ltr'>pinguem</span> <span class='ocrx_word' id='word_1_48' title='bbox 439 1277 470 1327; x_wconf 89' lang='lat' dir='ltr'>et</span> <span class='ocrx_word' id='word_1_49' title='bbox 485 1264 620 1327; x_wconf 87' lang='lat' dir='ltr'>nitidum</span> <span class='ocrx_word' id='word_1_50' title='bbox 637 1264 713 1327; x_wconf 90' lang='lat' dir='ltr'>bene</span> <span class='ocrx_word' id='word_1_51' title='bbox 728 1276 834 1326; x_wconf 84' lang='lat' dir='ltr'>curata</span> <span class='ocrx_word' id='word_1_52' title='bbox 849 1274 920 1325; x_wconf 89' lang='lat' dir='ltr'>cute</span> <span class='ocrx_word' id='word_1_53' title='bbox 935 1261 1028 1336; x_wconf 89' lang='lat' dir='ltr'>vises,</span> <span class='ocrx_word' id='word_1_54' title='bbox 1160 1260 1202 1322; x_wconf 84' lang='grc'>15</span> 
     </span>
     <span class='ocr_line' id='line_1_9' title="bbox 205 1363 1072 1449; baseline -0.005 -20"><span class='ocrx_word' id='word_1_55' title='bbox 205 1367 286 1429; x_wconf 90' lang='lat' dir='ltr'>Cum</span> <span class='ocrx_word' id='word_1_56' title='bbox 302 1364 402 1428; x_wconf 90' lang='lat' dir='ltr'>ridere</span> <span class='ocrx_word' id='word_1_57' title='bbox 417 1364 513 1442; x_wconf 85' lang='lat' dir='ltr'>voles,</span> <span class='ocrx_word' id='word_1_58' title='bbox 529 1364 661 1449; x_wconf 82' lang='lat' dir='ltr'>Epicuri</span> <span class='ocrx_word' id='word_1_59' title='bbox 677 1363 716 1426; x_wconf 89' lang='lat' dir='ltr'>de</span> <span class='ocrx_word' id='word_1_60' title='bbox 731 1385 824 1447; x_wconf 84' lang='lat' dir='ltr'>grege</span> <span class='ocrx_word' id='word_1_61' title='bbox 838 1384 975 1446; x_wconf 85' lang='lat' dir='ltr'>porcum.</span> <span class='ocrx_word' id='word_1_62' title='bbox 1069 1395 1072 1402; x_wconf 92' lang='lat'>·</span> 
     </span>
    </p>
   </div>
   <div class='ocr_carea' id='block_1_3' title="bbox 553 1750 859 1815">
    <p class='ocr_par' dir='ltr' id='par_1_8' title="bbox 553 1750 859 1815">
     <span class='ocr_line' id='line_1_10' title="bbox 553 1750 859 1815; baseline -0.013 0"><span class='ocrx_word' id='word_1_63' title='bbox 553 1750 794 1815; x_wconf 87' lang='lat' dir='ltr'>EPISTOLA</span> <span class='ocrx_word' id='word_1_64' title='bbox 823 1751 859 1812; x_wconf 94' lang='lat' dir='ltr'>V.</span> 
     </span>
    </p>
   </div>
   <div class='ocr_carea' id='block_1_4' title="bbox 529 1932 887 1978">
    <p class='ocr_par' dir='ltr' id='par_1_9' title="bbox 529 1932 887 1978">
     <span class='ocr_line' id='line_1_11' title="bbox 529 1932 887 1978; baseline 0.003 -5"><span class='ocrx_word' id='word_1_65' title='bbox 529 1932 581 1973; x_wconf 86' lang='grc' dir='ltr'>ΑΙ)</span> <span class='ocrx_word' id='word_1_66' title='bbox 620 1932 887 1978; x_wconf 74' lang='lat' dir='ltr'>Toueua‘rum.</span> 
     </span>
    </p>
   </div>
   <div class='ocr_carea' id='block_1_5' title="bbox 210 2078 990 2470">
    <p class='ocr_par' dir='ltr' id='par_1_10' title="bbox 210 2078 990 2470">
     <span class='ocr_line' id='line_1_12' title="bbox 210 2078 987 2163; baseline 0.003 -20"><span class='ocrx_word' id='word_1_67' title='bbox 210 2082 247 2143; x_wconf 78' lang='lat'>81</span> <span class='ocrx_word' id='word_1_68' title='bbox 263 2092 349 2163; x_wconf 89' lang='lat' dir='ltr'>potes</span> <span class='ocrx_word' id='word_1_69' title='bbox 365 2078 528 2143; x_wconf 82' lang='lat' dir='ltr'>Archiacis</span> <span class='ocrx_word' id='word_1_70' title='bbox 543 2079 674 2143; x_wconf 84' lang='lat' dir='ltr'>conviva</span> <span class='ocrx_word' id='word_1_71' title='bbox 696 2081 873 2144; x_wconf 86' lang='lat' dir='ltr'>recumbere</span> <span class='ocrx_word' id='word_1_72' title='bbox 887 2080 987 2159; x_wconf 84' lang='lat' dir='ltr'>lectis,</span> 
     </span>
     <span class='ocr_line' id='line_1_13' title="bbox 210 2180 990 2266; baseline 0.001 -21"><span class='ocrx_word' id='word_1_73' title='bbox 210 2182 277 2245; x_wconf 90' lang='lat' dir='ltr'>Nec</span> <span class='ocrx_word' id='word_1_74' title='bbox 292 2181 412 2244; x_wconf 89' lang='lat' dir='ltr'>modica</span> <span class='ocrx_word' id='word_1_75' title='bbox 427 2202 548 2243; x_wconf 87' lang='lat' dir='ltr'>coenare</span> <span class='ocrx_word' id='word_1_76' title='bbox 564 2180 653 2244; x_wconf 88' lang='lat' dir='ltr'>times</span> <span class='ocrx_word' id='word_1_77' title='bbox 668 2181 736 2244; x_wconf 90' lang='lat' dir='ltr'>olus</span> <span class='ocrx_word' id='word_1_78' title='bbox 750 2202 842 2245; x_wconf 91' lang='lat' dir='ltr'>omne</span> <span class='ocrx_word' id='word_1_79' title='bbox 855 2182 990 2266; x_wconf 84' lang='lat' dir='ltr'>patella3</span> 
     </span>
     <span class='ocr_line' id='line_1_14' title="bbox 212 2282 947 2367; baseline 0.001 -20"><span class='ocrx_word' id='word_1_80' title='bbox 212 2285 361 2367; x_wconf 88' lang='lat' dir='ltr'>Supremo</span> <span class='ocrx_word' id='word_1_81' title='bbox 377 2295 408 2346; x_wconf 92' lang='lat' dir='ltr'>te</span> <span class='ocrx_word' id='word_1_82' title='bbox 428 2282 492 2345; x_wconf 89' lang='lat' dir='ltr'>sole</span> <span class='ocrx_word' id='word_1_83' title='bbox 506 2282 602 2359; x_wconf 92' lang='lat' dir='ltr'>domi,</span> <span class='ocrx_word' id='word_1_84' title='bbox 620 2283 791 2366; x_wconf 88' lang='lat' dir='ltr'>Torquate,</span> <span class='ocrx_word' id='word_1_85' title='bbox 808 2285 947 2348; x_wconf 85' lang='lat' dir='ltr'>manebo.</span> 
     </span>
     <span class='ocr_line' id='line_1_15' title="bbox 211 2383 952 2470; baseline 0.001 -22"><span class='ocrx_word' id='word_1_86' title='bbox 211 2385 292 2448; x_wconf 90' lang='lat' dir='ltr'>Vina</span> <span class='ocrx_word' id='word_1_87' title='bbox 306 2385 393 2449; x_wconf 90' lang='lat' dir='ltr'>bibes</span> <span class='ocrx_word' id='word_1_88' title='bbox 408 2383 519 2447; x_wconf 90' lang='lat' dir='ltr'>iterum</span> <span class='ocrx_word' id='word_1_89' title='bbox 536 2385 645 2447; x_wconf 86' lang='lat' dir='ltr'>Tauro</span> <span class='ocrx_word' id='word_1_90' title='bbox 659 2383 784 2461; x_wconf 82' lang='lat' dir='ltr'>diffusa,</span> <span class='ocrx_word' id='word_1_91' title='bbox 799 2384 952 2470; x_wconf 86' lang='lat' dir='ltr'>palustres</span> 
     </span>
    </p>
   </div>
   <div class='ocr_carea' id='block_1_6' title="bbox 212 2486 1208 2779">
    <p class='ocr_par' dir='ltr' id='par_1_11' title="bbox 212 2486 1208 2779">
     <span class='ocr_line' id='line_1_16' title="bbox 213 2486 1208 2572; baseline 0.007 -21"><span class='ocrx_word' id='word_1_92' title='bbox 213 2487 301 2551; x_wconf 88' lang='lat' dir='ltr'>Inter</span> <span class='ocrx_word' id='word_1_93' title='bbox 317 2486 497 2551; x_wconf 88' lang='lat' dir='ltr'>Minturnas</span> <span class='ocrx_word' id='word_1_94' title='bbox 521 2486 805 2572; x_wconf 86' lang='lat' dir='ltr'>Sinuessanumque</span> <span class='ocrx_word' id='word_1_95' title='bbox 819 2487 993 2556; x_wconf 84' lang='lat' dir='ltr'>Petrinum.</span> <span class='ocrx_word' id='word_1_96' title='bbox 1186 2495 1208 2558; x_wconf 80' lang='lat'><em>5</em></span> 
     </span>
     <span class='ocr_line' id='line_1_17' title="bbox 213 2587 1064 2675; baseline 0.002 -23"><span class='ocrx_word' id='word_1_97' title='bbox 213 2589 269 2652; x_wconf 87' lang='lat' dir='ltr'>Sin</span> <span class='ocrx_word' id='word_1_98' title='bbox 285 2587 395 2651; x_wconf 89' lang='lat' dir='ltr'>melius</span> <span class='ocrx_word' id='word_1_99' title='bbox 410 2588 486 2672; x_wconf 89' lang='lat' dir='ltr'>quid</span> <span class='ocrx_word' id='word_1_100' title='bbox 500 2587 607 2665; x_wconf 86' lang='lat' dir='ltr'>habes,</span> <span class='ocrx_word' id='word_1_101' title='bbox 623 2611 751 2667; x_wconf 89' lang='lat' dir='ltr'>arcesse,</span> <span class='ocrx_word' id='word_1_102' title='bbox 768 2590 817 2653; x_wconf 86' lang='lat' dir='ltr'>vel</span> <span class='ocrx_word' id='word_1_103' title='bbox 831 2590 993 2675; x_wconf 92' lang='lat' dir='ltr'>imperium</span> <span class='ocrx_word' id='word_1_104' title='bbox 1008 2591 1064 2657; x_wconf 80' lang='lat' dir='ltr'>fer.</span> 
     </span>
     <span class='ocr_line' id='line_1_18' title="bbox 212 2688 1088 2779; baseline 0.008 -27"><span class='ocrx_word' id='word_1_105' title='bbox 212 2691 235 2752; x_wconf 86' lang='lat' dir='ltr'>J</span> <span class='ocrx_word' id='word_1_106' title='bbox 237 2689 407 2754; x_wconf 91' lang='lat' dir='ltr'>amdudum</span> <span class='ocrx_word' id='word_1_107' title='bbox 423 2688 565 2773; x_wconf 85' lang='lat' dir='ltr'>splendet</span> <span class='ocrx_word' id='word_1_108' title='bbox 580 2690 677 2767; x_wconf 83' lang='lat' dir='ltr'>focus,</span> <span class='ocrx_word' id='word_1_109' title='bbox 689 2704 720 2755; x_wconf 88' lang='lat' dir='ltr'>et</span> <span class='ocrx_word' id='word_1_110' title='bbox 736 2691 791 2755; x_wconf 91' lang='lat' dir='ltr'>tibi</span> <span class='ocrx_word' id='word_1_111' title='bbox 807 2694 925 2758; x_wconf 89' lang='lat' dir='ltr'>munda</span> <span class='ocrx_word' id='word_1_112' title='bbox 938 2695 1088 2779; x_wconf 81' lang='lat' dir='ltr'>supellex.</span> 
     </span>
    </p>
   </div>
   <div class='ocr_carea' id='block_1_7' title="bbox 212 2790 993 2959">
    <p class='ocr_par' dir='ltr' id='par_1_12' title="bbox 212 2790 993 2959">
     <span class='ocr_line' id='line_1_19' title="bbox 213 2790 938 2876; baseline 0.006 -20"><span class='ocrx_word' id='word_1_113' title='bbox 213 2791 310 2856; x_wconf 90' lang='lat' dir='ltr'>Mitte</span> <span class='ocrx_word' id='word_1_114' title='bbox 325 2790 409 2855; x_wconf 86' lang='lat' dir='ltr'>leves</span> <span class='ocrx_word' id='word_1_115' title='bbox 424 2813 505 2876; x_wconf 90' lang='lat' dir='ltr'>spes,</span> <span class='ocrx_word' id='word_1_116' title='bbox 521 2805 553 2856; x_wconf 90' lang='lat' dir='ltr'>et</span> <span class='ocrx_word' id='word_1_117' title='bbox 567 2793 734 2857; x_wconf 87' lang='lat' dir='ltr'>certamina</span> <span class='ocrx_word' id='word_1_118' title='bbox 749 2793 938 2874; x_wconf 81' lang='lat' dir='ltr'>divitiarum,</span> 
     </span>
     <span class='ocr_line' id='line_1_20' title="bbox 212 2888 993 2959; baseline 0.005 -4"><span class='ocrx_word' id='word_1_119' title='bbox 212 2892 258 2955; x_wconf 90' lang='lat' dir='ltr'>Et</span> <span class='ocrx_word' id='word_1_120' title='bbox 273 2888 397 2954; x_wconf 90' lang='lat' dir='ltr'>Moschi</span> <span class='ocrx_word' id='word_1_121' title='bbox 414 2912 555 2954; x_wconf 90' lang='lat' dir='ltr'>causam:</span> <span class='ocrx_word' id='word_1_122' title='bbox 581 2913 647 2955; x_wconf 89' lang='lat' dir='ltr'>cras</span> <span class='ocrx_word' id='word_1_123' title='bbox 667 2905 739 2955; x_wconf 88' lang='lat' dir='ltr'>nato</span> <span class='ocrx_word' id='word_1_124' title='bbox 756 2894 880 2957; x_wconf 88' lang='lat' dir='ltr'>Caesare</span> <span class='ocrx_word' id='word_1_125' title='bbox 897 2893 993 2959; x_wconf 88' lang='lat' dir='ltr'>festus</span> 
     </span>
    </p>
   </div>
   <div class='ocr_carea' id='block_1_8' title="bbox 213 2992 1215 4303">
    <p class='ocr_par' dir='ltr' id='par_1_13' title="bbox 213 2992 1209 3185">
     <span class='ocr_line' id='line_1_21' title="bbox 213 2992 1209 3079; baseline 0.008 -25"><span class='ocrx_word' id='word_1_126' title='bbox 213 2992 279 3056; x_wconf 88' lang='lat' dir='ltr'>Dat</span> <span class='ocrx_word' id='word_1_127' title='bbox 293 2993 414 3056; x_wconf 85' lang='lat' dir='ltr'>veniam</span> <span class='ocrx_word' id='word_1_128' title='bbox 430 3014 632 3078; x_wconf 89' lang='lat' dir='ltr'>somnumque</span> <span class='ocrx_word' id='word_1_129' title='bbox 648 2993 733 3073; x_wconf 74' lang='lat' dir='ltr'>dies,</span> <span class='ocrx_word' id='word_1_130' title='bbox 753 2994 881 3079; x_wconf 90' lang='lat' dir='ltr'>impune</span> <span class='ocrx_word' id='word_1_131' title='bbox 895 2995 1001 3061; x_wconf 87' lang='lat' dir='ltr'>licebit</span> <span class='ocrx_word' id='word_1_132' title='bbox 1169 3000 1209 3062; x_wconf 89' lang='grc'>10</span> 
     </span>
     <span class='ocr_line' id='line_1_22' title="bbox 214 3095 963 3185; baseline 0.005 -27"><span class='ocrx_word' id='word_1_133' title='bbox 214 3095 370 3160; x_wconf 85' lang='lat' dir='ltr'>AEstivam</span> <span class='ocrx_word' id='word_1_134' title='bbox 387 3096 675 3185; x_wconf 29' lang='lat' dir='ltr'>sermonesbenigno</span> <span class='ocrx_word' id='word_1_135' title='bbox 691 3097 822 3161; x_wconf 88' lang='lat' dir='ltr'>tendere</span> <span class='ocrx_word' id='word_1_136' title='bbox 832 3112 963 3162; x_wconf 89' lang='lat' dir='ltr'>noctem.</span> 
     </span>
    </p>

    <p class='ocr_par' dir='ltr' id='par_1_14' title="bbox 216 3197 960 3276">
     <span class='ocr_line' id='line_1_23' title="bbox 216 3197 960 3276; baseline 0.003 -16"><span class='ocrx_word' id='word_1_137' title='bbox 216 3199 285 3276; x_wconf 86' lang='lat' dir='ltr'>Quo</span> <span class='ocrx_word' id='word_1_138' title='bbox 300 3197 377 3262; x_wconf 91' lang='lat' dir='ltr'>mihi</span> <span class='ocrx_word' id='word_1_139' title='bbox 391 3197 559 3276; x_wconf 87' lang='lat' dir='ltr'>fortunam,</span> <span class='ocrx_word' id='word_1_140' title='bbox 575 3197 601 3261; x_wconf 89' lang='lat' dir='ltr'>si</span> <span class='ocrx_word' id='word_1_141' title='bbox 616 3221 678 3262; x_wconf 90' lang='lat' dir='ltr'>non</span> <span class='ocrx_word' id='word_1_142' title='bbox 693 3199 873 3262; x_wconf 89' lang='lat' dir='ltr'>conceditur</span> <span class='ocrx_word' id='word_1_143' title='bbox 887 3199 960 3263; x_wconf 89' lang='lat' dir='ltr'>uti?</span> 
     </span>
    </p>

    <p class='ocr_par' dir='ltr' id='par_1_15' title="bbox 215 3299 997 3385">
     <span class='ocr_line' id='line_1_24' title="bbox 215 3299 997 3385; baseline 0.006 -24"><span class='ocrx_word' id='word_1_144' title='bbox 215 3300 331 3363; x_wconf 88' lang='lat' dir='ltr'>Parcus</span> <span class='ocrx_word' id='word_1_145' title='bbox 345 3301 385 3363; x_wconf 94' lang='lat' dir='ltr'>ob</span> <span class='ocrx_word' id='word_1_146' title='bbox 399 3299 532 3364; x_wconf 82' lang='lat' dir='ltr'>haeredis</span> <span class='ocrx_word' id='word_1_147' title='bbox 547 3323 650 3364; x_wconf 86' lang='lat' dir='ltr'>curam</span> <span class='ocrx_word' id='word_1_148' title='bbox 666 3301 858 3385; x_wconf 91' lang='lat' dir='ltr'>nimiumque</span> <span class='ocrx_word' id='word_1_149' title='bbox 873 3323 997 3366; x_wconf 82' lang='lat' dir='ltr'>severus</span> 
     </span>
    </p>

    <p class='ocr_par' dir='ltr' id='par_1_16' title="bbox 217 3401 942 3488">
     <span class='ocr_line' id='line_1_25' title="bbox 217 3401 942 3488; baseline 0.006 -24"><span class='ocrx_word' id='word_1_150' title='bbox 217 3401 346 3465; x_wconf 88' lang='lat' dir='ltr'>Assidet</span> <span class='ocrx_word' id='word_1_151' title='bbox 360 3401 477 3465; x_wconf 87' lang='lat' dir='ltr'>insano.</span> <span class='ocrx_word' id='word_1_152' title='bbox 522 3403 634 3466; x_wconf 86' lang='lat' dir='ltr'>Potare</span> <span class='ocrx_word' id='word_1_153' title='bbox 649 3416 680 3467; x_wconf 91' lang='lat' dir='ltr'>et</span> <span class='ocrx_word' id='word_1_154' title='bbox 695 3425 838 3488; x_wconf 85' lang='lat' dir='ltr'>spargere</span> <span class='ocrx_word' id='word_1_155' title='bbox 852 3403 942 3468; x_wconf 90' lang='lat' dir='ltr'>flores</span> 
     </span>
    </p>

    <p class='ocr_par' dir='ltr' id='par_1_17' title="bbox 217 3502 1210 3691">
     <span class='ocr_line' id='line_1_26' title="bbox 217 3502 1210 3588; baseline 0.004 -21"><span class='ocrx_word' id='word_1_156' title='bbox 217 3503 383 3587; x_wconf 90' lang='lat' dir='ltr'>Incipiam,</span> <span class='ocrx_word' id='word_1_157' title='bbox 398 3502 557 3588; x_wconf 87' lang='lat' dir='ltr'>patiarque</span> <span class='ocrx_word' id='word_1_158' title='bbox 572 3504 621 3569; x_wconf 84' lang='lat' dir='ltr'>vel</span> <span class='ocrx_word' id='word_1_159' title='bbox 636 3505 829 3569; x_wconf 90' lang='lat' dir='ltr'>inconsultus</span> <span class='ocrx_word' id='word_1_160' title='bbox 844 3504 961 3570; x_wconf 85' lang='lat' dir='ltr'>haberi.</span> <span class='ocrx_word' id='word_1_161' title='bbox 1170 3509 1210 3571; x_wconf 86' lang='grc'>15</span> 
     </span>
     <span class='ocr_line' id='line_1_27' title="bbox 217 3603 1004 3691; baseline 0.006 -25"><span class='ocrx_word' id='word_1_162' title='bbox 217 3604 302 3682; x_wconf 84' lang='lat' dir='ltr'>Quid</span> <span class='ocrx_word' id='word_1_163' title='bbox 316 3626 378 3667; x_wconf 92' lang='lat' dir='ltr'>nou</span> <span class='ocrx_word' id='word_1_164' title='bbox 394 3603 525 3668; x_wconf 88' lang='lat' dir='ltr'>ebrietas</span> <span class='ocrx_word' id='word_1_165' title='bbox 539 3606 706 3689; x_wconf 85' lang='lat' dir='ltr'>designat?</span> <span class='ocrx_word' id='word_1_166' title='bbox 729 3621 836 3691; x_wconf 85' lang='lat' dir='ltr'>operta</span> <span class='ocrx_word' id='word_1_167' title='bbox 851 3608 983 3671; x_wconf 87' lang='lat' dir='ltr'>recludit</span> <span class='ocrx_word' id='word_1_168' title='bbox 995 3632 1004 3680; x_wconf 74' lang='grc' dir='ltr'><strong>ς</strong></span> 
     </span>
    </p>

    <p class='ocr_par' dir='ltr' id='par_1_18' title="bbox 219 3705 1059 3790">
     <span class='ocr_line' id='line_1_28' title="bbox 219 3705 1059 3790; baseline 0.006 -21"><span class='ocrx_word' id='word_1_169' title='bbox 219 3707 297 3789; x_wconf 88' lang='lat' dir='ltr'>Spes</span> <span class='ocrx_word' id='word_1_170' title='bbox 307 3705 398 3790; x_wconf 88' lang='lat' dir='ltr'>jubet</span> <span class='ocrx_word' id='word_1_171' title='bbox 413 3728 480 3769; x_wconf 88' lang='lat' dir='ltr'>esso</span> <span class='ocrx_word' id='word_1_172' title='bbox 494 3719 596 3781; x_wconf 82' lang='lat' dir='ltr'>ratas3</span> <span class='ocrx_word' id='word_1_173' title='bbox 621 3708 654 3770; x_wconf 91' lang='lat' dir='ltr'>iu</span> <span class='ocrx_word' id='word_1_174' title='bbox 671 3708 781 3790; x_wconf 88' lang='lat' dir='ltr'>proelia</span> <span class='ocrx_word' id='word_1_175' title='bbox 796 3707 895 3770; x_wconf 89' lang='lat' dir='ltr'>trudit</span> <span class='ocrx_word' id='word_1_176' title='bbox 909 3707 1037 3774; x_wconf 88' lang='lat' dir='ltr'>inertem</span> <span class='ocrx_word' id='word_1_177' title='bbox 1050 3737 1059 3786; x_wconf 87' lang='lat'>;</span> 
     </span>
    </p>

    <p class='ocr_par' dir='ltr' id='par_1_19' title="bbox 221 3807 982 3882">
     <span class='ocr_line' id='line_1_29' title="bbox 221 3807 982 3882; baseline 0.007 -10"><span class='ocrx_word' id='word_1_178' title='bbox 221 3807 357 3872; x_wconf 91' lang='lat' dir='ltr'>Solicitis</span> <span class='ocrx_word' id='word_1_179' title='bbox 373 3807 483 3872; x_wconf 91' lang='lat' dir='ltr'>animis</span> <span class='ocrx_word' id='word_1_180' title='bbox 499 3829 576 3871; x_wconf 88' lang='lat' dir='ltr'>onus</span> <span class='ocrx_word' id='word_1_181' title='bbox 590 3809 717 3882; x_wconf 77' lang='lat' dir='ltr'>eximit3</span> <span class='ocrx_word' id='word_1_182' title='bbox 740 3809 871 3873; x_wconf 89' lang='lat' dir='ltr'>addocet</span> <span class='ocrx_word' id='word_1_183' title='bbox 885 3823 982 3877; x_wconf 88' lang='lat' dir='ltr'>artes:</span> 
     </span>
    </p>

    <p class='ocr_par' dir='ltr' id='par_1_20' title="bbox 220 3910 983 3996">
     <span class='ocr_line' id='line_1_30' title="bbox 220 3910 983 3996; baseline 0.004 -21"><span class='ocrx_word' id='word_1_184' title='bbox 220 3911 375 3975; x_wconf 86' lang='lat' dir='ltr'>Foecundi</span> <span class='ocrx_word' id='word_1_185' title='bbox 388 3910 498 3975; x_wconf 79' lang='lat' dir='ltr'>coboea</span> <span class='ocrx_word' id='word_1_186' title='bbox 512 3932 602 3996; x_wconf 86' lang='lat' dir='ltr'>quem</span> <span class='ocrx_word' id='word_1_187' title='bbox 618 3933 681 3974; x_wconf 90' lang='lat' dir='ltr'>non</span> <span class='ocrx_word' id='word_1_188' title='bbox 697 3911 795 3976; x_wconf 89' lang='lat' dir='ltr'>fecere</span> <span class='ocrx_word' id='word_1_189' title='bbox 810 3911 983 3978; x_wconf 86' lang='lat' dir='ltr'>disertum?</span> 
     </span>
    </p>

    <p class='ocr_par' dir='ltr' id='par_1_21' title="bbox 219 4013 1215 4202">
     <span class='ocr_line' id='line_1_31' title="bbox 219 4013 1215 4099; baseline -0.002 -20"><span class='ocrx_word' id='word_1_190' title='bbox 219 4016 387 4079; x_wconf 87' lang='lat' dir='ltr'>Contracta</span> <span class='ocrx_word' id='word_1_191' title='bbox 401 4035 492 4099; x_wconf 90' lang='lat' dir='ltr'>quem</span> <span class='ocrx_word' id='word_1_192' title='bbox 507 4034 568 4076; x_wconf 90' lang='lat' dir='ltr'>nou</span> <span class='ocrx_word' id='word_1_193' title='bbox 584 4013 616 4076; x_wconf 91' lang='lat' dir='ltr'>in</span> <span class='ocrx_word' id='word_1_194' title='bbox 632 4028 814 4098; x_wconf 83' lang='lat' dir='ltr'>paupertate</span> <span class='ocrx_word' id='word_1_195' title='bbox 836 4015 997 4079; x_wconf 84' lang='lat' dir='ltr'>solutum?</span> <span class='ocrx_word' id='word_1_196' title='bbox 1171 4016 1215 4077; x_wconf 78' lang='lat'>20</span> 
     </span>
     <span class='ocr_line' id='line_1_32' title="bbox 220 4115 1027 4202; baseline -0.001 -21"><span class='ocrx_word' id='word_1_197' title='bbox 220 4118 303 4181; x_wconf 83' lang='lat' dir='ltr'>Haec</span> <span class='ocrx_word' id='word_1_198' title='bbox 317 4140 374 4202; x_wconf 95' lang='lat' dir='ltr'>ego</span> <span class='ocrx_word' id='word_1_199' title='bbox 388 4137 553 4202; x_wconf 86' lang='lat' dir='ltr'>procurare</span> <span class='ocrx_word' id='word_1_200' title='bbox 568 4129 600 4179; x_wconf 89' lang='lat' dir='ltr'>et</span> <span class='ocrx_word' id='word_1_201' title='bbox 614 4115 744 4181; x_wconf 90' lang='lat' dir='ltr'>idoneus</span> <span class='ocrx_word' id='word_1_202' title='bbox 759 4117 903 4202; x_wconf 88' lang='lat' dir='ltr'>imperor,</span> <span class='ocrx_word' id='word_1_203' title='bbox 919 4131 951 4180; x_wconf 89' lang='lat' dir='ltr'>et</span> <span class='ocrx_word' id='word_1_204' title='bbox 965 4137 1027 4180; x_wconf 91' lang='lat' dir='ltr'>non</span> 
     </span>
    </p>

    <p class='ocr_par' dir='ltr' id='par_1_22' title="bbox 221 4217 958 4303">
     <span class='ocr_line' id='line_1_33' title="bbox 221 4217 958 4303; baseline -0.004 -19"><span class='ocrx_word' id='word_1_205' title='bbox 221 4221 366 4294; x_wconf 77' lang='lat' dir='ltr'>Invitus3</span> <span class='ocrx_word' id='word_1_206' title='bbox 391 4242 430 4284; x_wconf 89' lang='lat' dir='ltr'>ne</span> <span class='ocrx_word' id='word_1_207' title='bbox 445 4233 535 4303; x_wconf 90' lang='lat' dir='ltr'>turpe</span> <span class='ocrx_word' id='word_1_208' title='bbox 551 4217 640 4297; x_wconf 87' lang='lat' dir='ltr'>toral,</span> <span class='ocrx_word' id='word_1_209' title='bbox 655 4241 694 4282; x_wconf 90' lang='lat' dir='ltr'>ne</span> <span class='ocrx_word' id='word_1_210' title='bbox 709 4219 832 4284; x_wconf 87' lang='lat' dir='ltr'>sordida</span> <span class='ocrx_word' id='word_1_211' title='bbox 846 4238 958 4301; x_wconf 89' lang='lat' dir='ltr'>mappa</span> 
     </span>
    </p>
   </div>
   <div class='ocr_carea' id='block_1_9' title="bbox 0 0 1463 5010">
    <p class='ocr_par' dir='ltr' id='par_1_23' title="bbox 0 0 1463 5010">
     <span class='ocr_line' id='line_1_34' title="bbox 0 0 1463 5010; baseline 0 0"><span class='ocrx_word' id='word_1_212' title='bbox 0 0 1463 5010; x_wconf 95' lang='lat' dir='ltr'> </span> 
     </span>
    </p>
   </div>
  </div>
 </body>
</html>
