<?xml version="1.0" encoding="UTF-8"?>
<!DOCTYPE html PUBLIC "-//W3C//DTD XHTML 1.0 Transitional//EN"
    "http://www.w3.org/TR/xhtml1/DTD/xhtml1-transitional.dtd">
<html xmlns="http://www.w3.org/1999/xhtml" xml:lang="en" lang="en">
 <head>
  <title>
</title>
<meta http-equiv="Content-Type" content="text/html;charset=utf-8" />
  <meta name='ocr-system' content='tesseract 3.04.00' />
  <meta name='ocr-capabilities' content='ocr_page ocr_carea ocr_par ocr_line ocrx_word'/>
</head>
<body>
  <div class='ocr_page' id='page_1' title='image "./horatiusrestitu00tategoog_0305.png"; bbox 0 0 2872 5010; ppageno 0'>
   <div class='ocr_carea' id='block_1_1' title="bbox 244 436 917 518">
    <p class='ocr_par' dir='ltr' id='par_1_1' title="bbox 244 436 917 518">
     <span class='ocr_line' id='line_1_1' title="bbox 244 436 917 518; baseline 0.007 -17"><span class='ocrx_word' id='word_1_1' title='bbox 244 436 288 518; x_wconf 82' lang='lat'><strong>70</strong></span> <span class='ocrx_word' id='word_1_2' title='bbox 564 462 594 507; x_wconf 78' lang='lat' dir='ltr'><strong>n.</strong></span> <span class='ocrx_word' id='word_1_3' title='bbox 619 459 767 502; x_wconf 81' lang='lat' dir='ltr'><strong>nonarrr</strong></span> <span class='ocrx_word' id='word_1_4' title='bbox 794 462 917 506; x_wconf 78' lang='lat' dir='ltr'><strong>rraccr</strong></span> 
     </span>
    </p>
   </div>
   <div class='ocr_carea' id='block_1_2' title="bbox 236 610 1246 4265">
    <p class='ocr_par' dir='ltr' id='par_1_2' title="bbox 333 610 760 696">
     <span class='ocr_line' id='line_1_2' title="bbox 333 610 760 696; baseline 0.002 -23"><span class='ocrx_word' id='word_1_5' title='bbox 333 612 403 688; x_wconf 84' lang='lat' dir='ltr'><strong>Quo</strong></span> <span class='ocrx_word' id='word_1_6' title='bbox 419 623 522 694; x_wconf 89' lang='lat' dir='ltr'><strong>posset</strong></span> <span class='ocrx_word' id='word_1_7' title='bbox 537 610 668 674; x_wconf 82' lang='lat' dir='ltr'>infossus</span> <span class='ocrx_word' id='word_1_8' title='bbox 683 633 760 696; x_wconf 92' lang='lat' dir='ltr'><strong>puer</strong></span> 
     </span>
    </p>

    <p class='ocr_par' dir='ltr' id='par_1_3' title="bbox 291 710 898 900">
     <span class='ocr_line' id='line_1_3' title="bbox 291 710 898 798; baseline 0.007 -25"><span class='ocrx_word' id='word_1_9' title='bbox 291 710 403 794; x_wconf 85' lang='lat' dir='ltr'><strong>Longo</strong></span> <span class='ocrx_word' id='word_1_10' title='bbox 418 712 469 775; x_wconf 90' lang='lat' dir='ltr'><strong>die</strong></span> <span class='ocrx_word' id='word_1_11' title='bbox 484 712 531 776; x_wconf 93' lang='lat' dir='ltr'><strong>bis</strong></span> <span class='ocrx_word' id='word_1_12' title='bbox 547 726 652 798; x_wconf 84' lang='lat' dir='ltr'><strong>terque</strong></span> <span class='ocrx_word' id='word_1_13' title='bbox 667 727 795 776; x_wconf 86' lang='lat' dir='ltr'><strong>mutatae</strong></span> <span class='ocrx_word' id='word_1_14' title='bbox 809 712 898 798; x_wconf 88' lang='lat' dir='ltr'><strong>dapis</strong></span> 
     </span>
     <span class='ocr_line' id='line_1_4' title="bbox 334 815 672 900; baseline 0.006 -23"><span class='ocrx_word' id='word_1_15' title='bbox 334 815 471 877; x_wconf 86' lang='lat' dir='ltr'><strong>Inemori</strong></span> <span class='ocrx_word' id='word_1_16' title='bbox 487 817 672 900; x_wconf 86' lang='lat' dir='ltr'><strong>spectaculo,</strong></span> 
     </span>
    </p>

    <p class='ocr_par' dir='ltr' id='par_1_4' title="bbox 292 917 1246 1104">
     <span class='ocr_line' id='line_1_5' title="bbox 292 917 1246 1004; baseline 0.01 -26"><span class='ocrx_word' id='word_1_17' title='bbox 292 917 373 978; x_wconf 91' lang='lat' dir='ltr'><strong>Cum</strong></span> <span class='ocrx_word' id='word_1_18' title='bbox 389 917 575 1000; x_wconf 85' lang='lat' dir='ltr'><strong>promineret</strong></span> <span class='ocrx_word' id='word_1_19' title='bbox 590 940 652 993; x_wconf 90' lang='lat' dir='ltr'><strong>ore,</strong></span> <span class='ocrx_word' id='word_1_20' title='bbox 669 932 820 1002; x_wconf 89' lang='lat' dir='ltr'><strong>quantum</strong></span> <span class='ocrx_word' id='word_1_21' title='bbox 836 931 961 982; x_wconf 83' lang='lat' dir='ltr'><strong>exstant</strong></span> <span class='ocrx_word' id='word_1_22' title='bbox 977 941 1057 1004; x_wconf 82' lang='lat' dir='ltr'><strong>aqua</strong></span> <span class='ocrx_word' id='word_1_23' title='bbox 1200 927 1246 988; x_wconf 79' lang='grc'><strong>35</strong></span> 
     </span>
     <span class='ocr_line' id='line_1_6' title="bbox 335 1020 772 1104; baseline 0.005 -22"><span class='ocrx_word' id='word_1_24' title='bbox 335 1020 491 1102; x_wconf 79' lang='lat' dir='ltr'><strong>Suspenso</strong></span> <span class='ocrx_word' id='word_1_25' title='bbox 507 1034 610 1083; x_wconf 91' lang='lat' dir='ltr'><strong>mento</strong></span> <span class='ocrx_word' id='word_1_26' title='bbox 625 1042 772 1104; x_wconf 86' lang='lat' dir='ltr'><strong>corpora;</strong></span> 
     </span>
    </p>

    <p class='ocr_par' dir='ltr' id='par_1_5' title="bbox 290 1121 921 1308">
     <span class='ocr_line' id='line_1_7' title="bbox 290 1121 921 1207; baseline 0 -24"><span class='ocrx_word' id='word_1_27' title='bbox 290 1122 413 1184; x_wconf 84' lang='lat' dir='ltr'><strong>Exusta</strong></span> <span class='ocrx_word' id='word_1_28' title='bbox 428 1121 474 1184; x_wconf 91' lang='lat' dir='ltr'><strong>uti</strong></span> <span class='ocrx_word' id='word_1_29' title='bbox 490 1122 636 1196; x_wconf 79' lang='lat' dir='ltr'><strong>medulla,</strong></span> <span class='ocrx_word' id='word_1_30' title='bbox 654 1135 686 1185; x_wconf 89' lang='lat' dir='ltr'><strong>et</strong></span> <span class='ocrx_word' id='word_1_31' title='bbox 701 1122 820 1185; x_wconf 88' lang='lat' dir='ltr'><strong>aridum</strong></span> <span class='ocrx_word' id='word_1_32' title='bbox 831 1122 921 1207; x_wconf 87' lang='lat' dir='ltr'><strong>jecur</strong></span> 
     </span>
     <span class='ocr_line' id='line_1_8' title="bbox 334 1224 727 1308; baseline -0.003 -22"><span class='ocrx_word' id='word_1_33' title='bbox 334 1224 461 1286; x_wconf 89' lang='lat' dir='ltr'><strong>Amoris</strong></span> <span class='ocrx_word' id='word_1_34' title='bbox 476 1238 555 1287; x_wconf 88' lang='lat' dir='ltr'><strong>esset</strong></span> <span class='ocrx_word' id='word_1_35' title='bbox 570 1224 727 1308; x_wconf 90' lang='lat' dir='ltr'><strong>poculum,</strong></span> 
     </span>
    </p>

    <p class='ocr_par' dir='ltr' id='par_1_6' title="bbox 291 1325 860 1512">
     <span class='ocr_line' id='line_1_9' title="bbox 291 1325 860 1390; baseline 0.004 -2"><span class='ocrx_word' id='word_1_36' title='bbox 291 1326 496 1389; x_wconf 87' lang='lat' dir='ltr'><strong>Interminato</strong></span> <span class='ocrx_word' id='word_1_37' title='bbox 510 1347 579 1388; x_wconf 91' lang='lat' dir='ltr'><strong>cum</strong></span> <span class='ocrx_word' id='word_1_38' title='bbox 597 1326 690 1389; x_wconf 89' lang='lat' dir='ltr'><strong>semel</strong></span> <span class='ocrx_word' id='word_1_39' title='bbox 707 1325 777 1388; x_wconf 80' lang='lat' dir='ltr'><strong>fixae</strong></span> <span class='ocrx_word' id='word_1_40' title='bbox 791 1328 860 1390; x_wconf 87' lang='lat' dir='ltr'><strong>cibo</strong></span> 
     </span>
     <span class='ocr_line' id='line_1_10' title="bbox 336 1426 695 1512; baseline 0 -23"><span class='ocrx_word' id='word_1_41' title='bbox 336 1426 547 1490; x_wconf 87' lang='lat' dir='ltr'><strong>intabuissent</strong></span> <span class='ocrx_word' id='word_1_42' title='bbox 559 1427 695 1512; x_wconf 78' lang='lat' dir='ltr'><strong>pupulae.</strong></span> 
     </span>
    </p>

    <p class='ocr_par' dir='ltr' id='par_1_7' title="bbox 290 1528 824 1595">
     <span class='ocr_line' id='line_1_11' title="bbox 290 1528 824 1595; baseline 0.006 -4"><span class='ocrx_word' id='word_1_43' title='bbox 290 1529 362 1591; x_wconf 91' lang='lat' dir='ltr'><strong>Non</strong></span> <span class='ocrx_word' id='word_1_44' title='bbox 377 1528 512 1591; x_wconf 85' lang='lat' dir='ltr'><strong>defuisse</strong></span> <span class='ocrx_word' id='word_1_45' title='bbox 525 1530 671 1593; x_wconf 87' lang='lat' dir='ltr'><strong>masculae</strong></span> <span class='ocrx_word' id='word_1_46' title='bbox 686 1531 824 1595; x_wconf 88' lang='lat' dir='ltr'><strong>libidinis</strong></span> 
     </span>
    </p>

    <p class='ocr_par' dir='ltr' id='par_1_8' title="bbox 236 1618 712 1709">
     <span class='ocr_line' id='line_1_12' title="bbox 236 1618 712 1709; baseline 0.011 -19"><span class='ocrx_word' id='word_1_47' title='bbox 236 1618 244 1629; x_wconf 57' lang='lat'><strong>⁴</strong></span> <span class='ocrx_word' id='word_1_48' title='bbox 334 1629 564 1694; x_wconf 85' lang='lat' dir='ltr'><strong>Ariminensem</strong></span> <span class='ocrx_word' id='word_1_49' title='bbox 582 1631 712 1709; x_wconf 89' lang='lat' dir='ltr'><strong>Foliam,</strong></span> 
     </span>
    </p>

    <p class='ocr_par' dir='ltr' id='par_1_9' title="bbox 289 1731 816 1918">
     <span class='ocr_line' id='line_1_13' title="bbox 289 1731 771 1817; baseline 0.004 -22"><span class='ocrx_word' id='word_1_50' title='bbox 289 1733 335 1795; x_wconf 84' lang='lat' dir='ltr'><strong>Et</strong></span> <span class='ocrx_word' id='word_1_51' title='bbox 350 1731 447 1795; x_wconf 87' lang='lat' dir='ltr'><strong>otiosa</strong></span> <span class='ocrx_word' id='word_1_52' title='bbox 463 1733 595 1796; x_wconf 91' lang='lat' dir='ltr'><strong>credidit</strong></span> <span class='ocrx_word' id='word_1_53' title='bbox 613 1735 771 1817; x_wconf 81' lang='lat' dir='ltr'><strong>Neapolis,</strong></span> 
     </span>
     <span class='ocr_line' id='line_1_14' title="bbox 333 1829 816 1918; baseline 0.01 -24"><span class='ocrx_word' id='word_1_54' title='bbox 333 1829 375 1896; x_wconf 85' lang='lat' dir='ltr'><strong>Et</strong></span> <span class='ocrx_word' id='word_1_55' title='bbox 391 1856 481 1896; x_wconf 89' lang='lat' dir='ltr'><strong>omne</strong></span> <span class='ocrx_word' id='word_1_56' title='bbox 496 1835 631 1897; x_wconf 82' lang='lat' dir='ltr'><strong>vicinum</strong></span> <span class='ocrx_word' id='word_1_57' title='bbox 648 1836 816 1918; x_wconf 90' lang='lat' dir='ltr'><strong>oppidum:</strong></span> 
     </span>
    </p>

    <p class='ocr_par' dir='ltr' id='par_1_10' title="bbox 288 1933 930 2120">
     <span class='ocr_line' id='line_1_15' title="bbox 288 1933 930 2016; baseline 0.008 -20"><span class='ocrx_word' id='word_1_58' title='bbox 288 1935 368 2011; x_wconf 82' lang='lat' dir='ltr'><strong>Quae</strong></span> <span class='ocrx_word' id='word_1_59' title='bbox 383 1933 483 1997; x_wconf 83' lang='lat' dir='ltr'><strong>sidera</strong></span> <span class='ocrx_word' id='word_1_60' title='bbox 499 1947 660 1998; x_wconf 82' lang='lat' dir='ltr'><strong>excantata</strong></span> <span class='ocrx_word' id='word_1_61' title='bbox 676 1957 750 1999; x_wconf 84' lang='lat' dir='ltr'><strong>voce</strong></span> <span class='ocrx_word' id='word_1_62' title='bbox 767 1938 930 2016; x_wconf 85' lang='lat' dir='ltr'><strong>Thessala,</strong></span> 
     </span>
     <span class='ocr_line' id='line_1_16' title="bbox 331 2035 743 2120; baseline 0.002 -22"><span class='ocrx_word' id='word_1_63' title='bbox 331 2035 516 2119; x_wconf 87' lang='lat' dir='ltr'><strong>Lunamque</strong></span> <span class='ocrx_word' id='word_1_64' title='bbox 531 2036 606 2098; x_wconf 88' lang='lat' dir='ltr'><strong>coelo</strong></span> <span class='ocrx_word' id='word_1_65' title='bbox 622 2036 743 2120; x_wconf 85' lang='lat' dir='ltr'><strong>deripit.</strong></span> 
     </span>
    </p>

    <p class='ocr_par' dir='ltr' id='par_1_11' title="bbox 288 2137 864 2325">
     <span class='ocr_line' id='line_1_17' title="bbox 288 2137 864 2204; baseline 0.005 -3"><span class='ocrx_word' id='word_1_66' title='bbox 288 2137 353 2201; x_wconf 87' lang='lat' dir='ltr'><strong>Hic</strong></span> <span class='ocrx_word' id='word_1_67' title='bbox 367 2138 545 2202; x_wconf 72' lang='lat' dir='ltr'><strong>inresectum</strong></span> <span class='ocrx_word' id='word_1_68' title='bbox 562 2160 643 2201; x_wconf 84' lang='lat' dir='ltr'><strong>saeva</strong></span> <span class='ocrx_word' id='word_1_69' title='bbox 658 2139 751 2203; x_wconf 87' lang='lat' dir='ltr'><strong>dente</strong></span> <span class='ocrx_word' id='word_1_70' title='bbox 765 2138 864 2204; x_wconf 92' lang='lat' dir='ltr'><strong>livido</strong></span> 
     </span>
     <span class='ocr_line' id='line_1_18' title="bbox 330 2240 759 2325; baseline 0.005 -22"><span class='ocrx_word' id='word_1_71' title='bbox 330 2241 463 2305; x_wconf 85' lang='lat' dir='ltr'><strong>Canidia</strong></span> <span class='ocrx_word' id='word_1_72' title='bbox 479 2243 590 2306; x_wconf 89' lang='lat' dir='ltr'><strong>rodens</strong></span> <span class='ocrx_word' id='word_1_73' title='bbox 605 2240 759 2325; x_wconf 89' lang='lat' dir='ltr'><strong>pollicem,</strong></span> 
     </span>
    </p>

    <p class='ocr_par' dir='ltr' id='par_1_12' title="bbox 288 2342 1044 2525">
     <span class='ocr_line' id='line_1_19' title="bbox 288 2342 1044 2429; baseline 0.011 -25"><span class='ocrx_word' id='word_1_74' title='bbox 288 2343 372 2421; x_wconf 84' lang='lat' dir='ltr'><strong>Quid</strong></span> <span class='ocrx_word' id='word_1_75' title='bbox 388 2344 493 2407; x_wconf 85' lang='lat' dir='ltr'><strong>dixit?</strong></span> <span class='ocrx_word' id='word_1_76' title='bbox 510 2359 564 2408; x_wconf 89' lang='lat' dir='ltr'><strong>aut</strong></span> <span class='ocrx_word' id='word_1_77' title='bbox 578 2344 653 2429; x_wconf 89' lang='lat' dir='ltr'><strong>quid</strong></span> <span class='ocrx_word' id='word_1_78' title='bbox 669 2346 791 2408; x_wconf 89' lang='lat' dir='ltr'><strong>tacuit?</strong></span> <span class='ocrx_word' id='word_1_79' title='bbox 816 2342 848 2408; x_wconf 96' lang='lat' dir='ltr'>O</span> <span class='ocrx_word' id='word_1_80' title='bbox 863 2349 954 2412; x_wconf 83' lang='lat' dir='ltr'><strong>rebus</strong></span> <span class='ocrx_word' id='word_1_81' title='bbox 969 2349 1044 2412; x_wconf 85' lang='lat' dir='ltr'><strong>meis</strong></span> 
     </span>
     <span class='ocr_line' id='line_1_20' title="bbox 333 2446 712 2525; baseline 0 -16"><span class='ocrx_word' id='word_1_82' title='bbox 333 2448 364 2509; x_wconf 93' lang='lat' dir='ltr'>N</span> <span class='ocrx_word' id='word_1_83' title='bbox 367 2469 405 2509; x_wconf 93' lang='lat' dir='ltr'><strong>on</strong></span> <span class='ocrx_word' id='word_1_84' title='bbox 421 2446 562 2511; x_wconf 84' lang='lat' dir='ltr'><strong>infideles</strong></span> <span class='ocrx_word' id='word_1_85' title='bbox 576 2447 712 2525; x_wconf 73' lang='lat' dir='ltr'><strong>arbitres,</strong></span> 
     </span>
    </p>

    <p class='ocr_par' dir='ltr' id='par_1_13' title="bbox 287 2549 902 2725">
     <span class='ocr_line' id='line_1_21' title="bbox 287 2549 902 2635; baseline 0.007 -23"><span class='ocrx_word' id='word_1_86' title='bbox 287 2550 371 2625; x_wconf 86' lang='lat' dir='ltr'><strong>Nox,</strong></span> <span class='ocrx_word' id='word_1_87' title='bbox 387 2561 418 2611; x_wconf 93' lang='lat' dir='ltr'><strong>et</strong></span> <span class='ocrx_word' id='word_1_88' title='bbox 434 2549 537 2612; x_wconf 90' lang='lat' dir='ltr'><strong>Diana</strong></span> <span class='ocrx_word' id='word_1_89' title='bbox 553 2573 623 2634; x_wconf 85' lang='lat' dir='ltr'><strong>quae</strong></span> <span class='ocrx_word' id='word_1_90' title='bbox 637 2550 793 2614; x_wconf 88' lang='lat' dir='ltr'><strong>silentium</strong></span> <span class='ocrx_word' id='word_1_91' title='bbox 811 2555 902 2635; x_wconf 86' lang='lat' dir='ltr'><strong>regis,</strong></span> 
     </span>
     <span class='ocr_line' id='line_1_22' title="bbox 333 2650 759 2725; baseline 0.012 -16"><span class='ocrx_word' id='word_1_92' title='bbox 333 2651 458 2711; x_wconf 87' lang='lat' dir='ltr'><strong>Arcana</strong></span> <span class='ocrx_word' id='word_1_93' title='bbox 473 2672 543 2712; x_wconf 90' lang='lat' dir='ltr'><strong>cunr</strong></span> <span class='ocrx_word' id='word_1_94' title='bbox 560 2650 639 2713; x_wconf 88' lang='lat' dir='ltr'><strong>liunt</strong></span> <span class='ocrx_word' id='word_1_95' title='bbox 655 2673 759 2725; x_wconf 88' lang='lat' dir='ltr'><strong>sacra;</strong></span> 
     </span>
    </p>

    <p class='ocr_par' dir='ltr' id='par_1_14' title="bbox 287 2750 1035 2934">
     <span class='ocr_line' id='line_1_23' title="bbox 287 2750 1035 2817; baseline 0.008 -6"><span class='ocrx_word' id='word_1_96' title='bbox 287 2750 381 2812; x_wconf 91' lang='lat' dir='ltr'><strong>Nuuc</strong></span> <span class='ocrx_word' id='word_1_97' title='bbox 396 2771 478 2813; x_wconf 91' lang='lat' dir='ltr'><strong>nune</strong></span> <span class='ocrx_word' id='word_1_98' title='bbox 494 2752 616 2814; x_wconf 88' lang='lat' dir='ltr'><strong>adeste:</strong></span> <span class='ocrx_word' id='word_1_99' title='bbox 641 2772 724 2815; x_wconf 92' lang='lat' dir='ltr'><strong>nunc</strong></span> <span class='ocrx_word' id='word_1_100' title='bbox 739 2753 770 2814; x_wconf 92' lang='lat' dir='ltr'><strong>iu</strong></span> <span class='ocrx_word' id='word_1_101' title='bbox 787 2752 916 2816; x_wconf 88' lang='lat' dir='ltr'><strong>hostiles</strong></span> <span class='ocrx_word' id='word_1_102' title='bbox 928 2756 1035 2817; x_wconf 91' lang='lat' dir='ltr'><strong>domos</strong></span> 
     </span>
     <span class='ocr_line' id='line_1_24' title="bbox 330 2852 795 2934; baseline -0.002 -19"><span class='ocrx_word' id='word_1_103' title='bbox 330 2853 414 2915; x_wconf 88' lang='lat' dir='ltr'><strong>Iram</strong></span> <span class='ocrx_word' id='word_1_104' title='bbox 430 2863 522 2934; x_wconf 91' lang='lat' dir='ltr'><strong>atque</strong></span> <span class='ocrx_word' id='word_1_105' title='bbox 537 2872 650 2913; x_wconf 88' lang='lat' dir='ltr'><strong>numen</strong></span> <span class='ocrx_word' id='word_1_106' title='bbox 668 2852 795 2914; x_wconf 88' lang='lat' dir='ltr'><strong>vertite:</strong></span> 
     </span>
    </p>

    <p class='ocr_par' dir='ltr' id='par_1_15' title="bbox 287 2952 911 3139">
     <span class='ocr_line' id='line_1_25' title="bbox 287 2952 911 3026; baseline -0.005 -9"><span class='ocrx_word' id='word_1_107' title='bbox 287 2952 509 3017; x_wconf 83' lang='lat' dir='ltr'><strong>Formidolosoe</strong></span> <span class='ocrx_word' id='word_1_108' title='bbox 525 2953 598 3015; x_wconf 91' lang='lat' dir='ltr'><strong>dum</strong></span> <span class='ocrx_word' id='word_1_109' title='bbox 616 2952 712 3015; x_wconf 90' lang='lat' dir='ltr'><strong>latent</strong></span> <span class='ocrx_word' id='word_1_110' title='bbox 728 2952 813 3015; x_wconf 89' lang='lat' dir='ltr'><strong>silvis</strong></span> <span class='ocrx_word' id='word_1_111' title='bbox 828 2952 911 3026; x_wconf 80' lang='lat' dir='ltr'><strong>ferae,</strong></span> 
     </span>
     <span class='ocr_line' id='line_1_26' title="bbox 329 3053 735 3139; baseline -0.012 -20"><span class='ocrx_word' id='word_1_112' title='bbox 329 3055 425 3119; x_wconf 89' lang='lat' dir='ltr'><strong>Dulci</strong></span> <span class='ocrx_word' id='word_1_113' title='bbox 440 3077 547 3139; x_wconf 87' lang='lat' dir='ltr'><strong>sopore</strong></span> <span class='ocrx_word' id='word_1_114' title='bbox 561 3053 735 3138; x_wconf 76' lang='lat' dir='ltr'><strong>languidae3</strong></span> 
     </span>
    </p>

    <p class='ocr_par' dir='ltr' id='par_1_16' title="bbox 288 3155 974 3335">
     <span class='ocr_line' id='line_1_27' title="bbox 288 3155 974 3242; baseline -0.004 -18"><span class='ocrx_word' id='word_1_115' title='bbox 288 3161 399 3223; x_wconf 89' lang='lat' dir='ltr'><strong>Senem</strong></span> <span class='ocrx_word' id='word_1_116' title='bbox 417 3155 514 3242; x_wconf 88' lang='lat' dir='ltr'><strong>(quod</strong></span> <span class='ocrx_word' id='word_1_117' title='bbox 529 3178 634 3220; x_wconf 88' lang='lat' dir='ltr'><strong>omnes</strong></span> <span class='ocrx_word' id='word_1_118' title='bbox 649 3156 783 3238; x_wconf 85' lang='lat' dir='ltr'><strong>rideant)</strong></span> <span class='ocrx_word' id='word_1_119' title='bbox 800 3155 974 3221; x_wconf 88' lang='lat' dir='ltr'><strong>adulterum</strong></span> 
     </span>
     <span class='ocr_line' id='line_1_28' title="bbox 329 3260 761 3335; baseline -0.002 -12"><span class='ocrx_word' id='word_1_120' title='bbox 329 3260 462 3324; x_wconf 91' lang='lat' dir='ltr'><strong>Latrent</strong></span> <span class='ocrx_word' id='word_1_121' title='bbox 478 3260 649 3323; x_wconf 76' lang='lat' dir='ltr'><strong>Suburanae</strong></span> <span class='ocrx_word' id='word_1_122' title='bbox 660 3282 761 3335; x_wconf 85' lang='lat' dir='ltr'><strong>canes,</strong></span> 
     </span>
    </p>

    <p class='ocr_par' dir='ltr' id='par_1_17' title="bbox 285 3360 963 3528">
     <span class='ocr_line' id='line_1_29' title="bbox 285 3360 963 3446; baseline 0 -20"><span class='ocrx_word' id='word_1_123' title='bbox 285 3360 393 3426; x_wconf 84' lang='lat' dir='ltr'><strong>Nardo&#39;</strong></span> <span class='ocrx_word' id='word_1_124' title='bbox 407 3376 601 3446; x_wconf 89' lang='lat' dir='ltr'><strong>perunctum,</strong></span> <span class='ocrx_word' id='word_1_125' title='bbox 618 3361 707 3446; x_wconf 89' lang='lat' dir='ltr'><strong>quale</strong></span> <span class='ocrx_word' id='word_1_126' title='bbox 722 3383 782 3423; x_wconf 93' lang='lat' dir='ltr'><strong>non</strong></span> <span class='ocrx_word' id='word_1_127' title='bbox 798 3363 963 3445; x_wconf 83' lang='lat' dir='ltr'><strong>perfectius</strong></span> 
     </span>
     <span class='ocr_line' id='line_1_30' title="bbox 328 3462 731 3528; baseline -0.012 0"><span class='ocrx_word' id='word_1_128' title='bbox 328 3466 414 3528; x_wconf 85' lang='lat' dir='ltr'><strong>Meoe</strong></span> <span class='ocrx_word' id='word_1_129' title='bbox 429 3462 598 3528; x_wconf 72' lang='lat' dir='ltr'><strong>laborarint</strong></span> <span class='ocrx_word' id='word_1_130' title='bbox 613 3484 731 3525; x_wconf 88' lang='lat' dir='ltr'><strong>manus.</strong></span> 
     </span>
    </p>

    <p class='ocr_par' dir='ltr' id='par_1_18' title="bbox 284 3564 947 3733">
     <span class='ocr_line' id='line_1_31' title="bbox 284 3564 947 3645; baseline 0.005 -15"><span class='ocrx_word' id='word_1_131' title='bbox 284 3564 370 3645; x_wconf 82' lang='lat' dir='ltr'><strong>Quid</strong></span> <span class='ocrx_word' id='word_1_132' title='bbox 384 3565 520 3630; x_wconf 80' lang='lat' dir='ltr'><strong>accidit?</strong></span> <span class='ocrx_word' id='word_1_133' title='bbox 542 3587 597 3629; x_wconf 91' lang='lat' dir='ltr'><strong>cur</strong></span> <span class='ocrx_word' id='word_1_134' title='bbox 612 3565 679 3630; x_wconf 87' lang='lat' dir='ltr'><strong>dira</strong></span> <span class='ocrx_word' id='word_1_135' title='bbox 693 3565 832 3630; x_wconf 85' lang='lat' dir='ltr'><strong>barbarae</strong></span> <span class='ocrx_word' id='word_1_136' title='bbox 847 3568 947 3633; x_wconf 91' lang='lat' dir='ltr'><strong>minus</strong></span> 
     </span>
     <span class='ocr_line' id='line_1_32' title="bbox 329 3669 741 3733; baseline 0 -2"><span class='ocrx_word' id='word_1_137' title='bbox 329 3669 456 3733; x_wconf 84' lang='lat' dir='ltr'><strong>Venena</strong></span> <span class='ocrx_word' id='word_1_138' title='bbox 472 3669 597 3733; x_wconf 83' lang='lat' dir='ltr'><strong>Medeae</strong></span> <span class='ocrx_word' id='word_1_139' title='bbox 612 3669 741 3733; x_wconf 86' lang='lat' dir='ltr'><strong>valent?</strong></span> 
     </span>
    </p>

    <p class='ocr_par' dir='ltr' id='par_1_19' title="bbox 286 3769 931 3956">
     <span class='ocr_line' id='line_1_33' title="bbox 286 3769 931 3855; baseline -0.002 -20"><span class='ocrx_word' id='word_1_140' title='bbox 286 3770 407 3850; x_wconf 84' lang='lat' dir='ltr'><strong>Quibus</strong></span> <span class='ocrx_word' id='word_1_141' title='bbox 423 3770 584 3855; x_wconf 85' lang='lat' dir='ltr'><strong>superbam</strong></span> <span class='ocrx_word' id='word_1_142' title='bbox 600 3769 684 3854; x_wconf 82' lang='lat' dir='ltr'><strong>fugit</strong></span> <span class='ocrx_word' id='word_1_143' title='bbox 698 3771 765 3835; x_wconf 90' lang='lat' dir='ltr'><strong>ulta</strong></span> <span class='ocrx_word' id='word_1_144' title='bbox 779 3772 931 3855; x_wconf 87' lang='lat' dir='ltr'><strong>pellicem,</strong></span> 
     </span>
     <span class='ocr_line' id='line_1_34' title="bbox 327 3869 719 3956; baseline -0.005 -21"><span class='ocrx_word' id='word_1_145' title='bbox 327 3871 439 3956; x_wconf 83' lang='lat' dir='ltr'><strong>Magni</strong></span> <span class='ocrx_word' id='word_1_146' title='bbox 456 3869 599 3935; x_wconf 86' lang='lat' dir='ltr'><strong>Creontis</strong></span> <span class='ocrx_word' id='word_1_147' title='bbox 613 3872 719 3945; x_wconf 88' lang='lat' dir='ltr'><strong>filiam,</strong></span> 
     </span>
    </p>

    <p class='ocr_par' dir='ltr' id='par_1_20' title="bbox 285 3973 1001 4159">
     <span class='ocr_line' id='line_1_35' title="bbox 285 3973 1001 4057; baseline -0.007 -17"><span class='ocrx_word' id='word_1_148' title='bbox 285 3975 476 4057; x_wconf 75' lang='lat' dir='ltr'><strong>Computa,</strong></span> <span class='ocrx_word' id='word_1_149' title='bbox 494 3974 565 4037; x_wconf 91' lang='lat' dir='ltr'><strong>tabo</strong></span> <span class='ocrx_word' id='word_1_150' title='bbox 581 3992 694 4033; x_wconf 89' lang='lat' dir='ltr'><strong>munus</strong></span> <span class='ocrx_word' id='word_1_151' title='bbox 711 3973 875 4048; x_wconf 88' lang='lat' dir='ltr'><strong>imbutum,</strong></span> <span class='ocrx_word' id='word_1_152' title='bbox 893 3995 1001 4036; x_wconf 88' lang='lat' dir='ltr'><strong>novam</strong></span> 
     </span>
     <span class='ocr_line' id='line_1_36' title="bbox 327 4073 774 4159; baseline -0.018 -18"><span class='ocrx_word' id='word_1_153' title='bbox 327 4077 478 4142; x_wconf 86' lang='lat' dir='ltr'><strong>lucendio</strong></span> <span class='ocrx_word' id='word_1_154' title='bbox 492 4086 621 4159; x_wconf 87' lang='lat' dir='ltr'><strong>nuptam</strong></span> <span class='ocrx_word' id='word_1_155' title='bbox 638 4073 774 4137; x_wconf 89' lang='lat' dir='ltr'><strong>abstulit.</strong></span> 
     </span>
    </p>

    <p class='ocr_par' dir='ltr' id='par_1_21' title="bbox 284 4175 931 4265">
     <span class='ocr_line' id='line_1_37' title="bbox 284 4175 931 4265; baseline -0.012 -21"><span class='ocrx_word' id='word_1_156' title='bbox 284 4179 384 4265; x_wconf 81' lang='lat' dir='ltr'><strong>Atqui</strong></span> <span class='ocrx_word' id='word_1_157' title='bbox 399 4200 456 4241; x_wconf 88' lang='lat' dir='ltr'><strong>nee</strong></span> <span class='ocrx_word' id='word_1_158' title='bbox 471 4177 566 4241; x_wconf 90' lang='lat' dir='ltr'><strong>herba</strong></span> <span class='ocrx_word' id='word_1_159' title='bbox 580 4199 637 4240; x_wconf 90' lang='lat' dir='ltr'><strong>nec</strong></span> <span class='ocrx_word' id='word_1_160' title='bbox 655 4176 753 4240; x_wconf 86' lang='lat' dir='ltr'><strong>latens</strong></span> <span class='ocrx_word' id='word_1_161' title='bbox 769 4175 800 4238; x_wconf 89' lang='lat' dir='ltr'><strong>in</strong></span> <span class='ocrx_word' id='word_1_162' title='bbox 817 4177 931 4260; x_wconf 87' lang='lat' dir='ltr'><strong>asperis</strong></span> 
     </span>
    </p>
   </div>
   <div class='ocr_carea' id='block_1_3' title="bbox 0 0 1440 5010">
    <p class='ocr_par' dir='ltr' id='par_1_22' title="bbox 0 0 1440 5010">
     <span class='ocr_line' id='line_1_38' title="bbox 0 0 1440 5010; baseline 0 2"><span class='ocrx_word' id='word_1_163' title='bbox 0 0 1440 5010; x_wconf 95' lang='lat' dir='ltr'><strong> </strong></span> 
     </span>
    </p>
   </div>
  </div>
 </body>
</html>
