2872 5010
246 456 289 517 ³0
569 473 598 518 o.
624 470 769 514 nonsart
793 469 917 514 rasccr

247 626 295 686 At
310 623 374 686 dixi
391 621 485 686 fluere
499 621 584 686 bunc
600 622 801 698 lutulentum,
816 641 900 705 saepe
913 618 1061 685 ferentem
1199 627 1246 687 50

247 723 344 787 Plura
358 723 484 808 quidem
500 722 638 787 tollenda
652 722 881 807 relinquendis:
906 743 974 808 age,
994 742 1111 806 quaeso,

247 826 302 887 Tu
317 824 397 888 nihil
412 824 443 887 in
460 846 572 908 magno
587 824 697 888 doctus
711 825 871 909 reprendis
883 827 1046 889 Homero?

247 926 302 989 Nil
318 925 412 989 comis
429 925 557 1010 Tragici
572 939 673 990 mutat
688 926 831 989 Lucilius
847 926 952 990 Acci?

246 1027 319 1090 Non
335 1026 415 1089 ridet
430 1048 535 1090 versus
550 1027 638 1090 Enni
653 1026 806 1110 gravitme
821 1026 965 1106 minores,

247 1129 328 1191 Cum
344 1128 383 1191 de
398 1149 430 1190 sc
445 1128 591 1213 loquitur,
606 1149 668 1191 non
685 1141 721 1191 ut
734 1129 850 1213 majore
863 1130 1041 1215 repressis?

247 1227 332 1305 Quid
347 1241 432 1292 vetat
447 1243 478 1293 et
493 1242 613 1292 nosmet
625 1229 733 1293 Lucili
748 1230 862 1315 scripta
876 1231 1014 1317 legentes

247 1331 404 1408 Quaerere,
421 1351 495 1395 num
510 1330 606 1407 illius,
622 1353 695 1395 num
711 1353 812 1395 rerum
828 1333 906 1397 dura
920 1332 1043 1416 negarit

247 1433 424 1497 Versiculos
440 1447 551 1498 natura
565 1435 664 1518 magis
677 1432 785 1511 factos,
799 1448 830 1497 et
845 1447 954 1498 euntes

247 1533 391 1611 Mollius,
406 1558 442 1601 ac
457 1536 483 1600 si
498 1535 567 1621 quis
581 1535 712 1620 pedibus
728 1535 803 1619 quid
819 1536 962 1599 claudere
978 1537 1070 1613 senis,

247 1637 319 1701 Hoc
334 1651 453 1702 tautum
470 1653 643 1715 contentus,
660 1651 741 1702 amet
757 1637 913 1722 scripsisse
928 1638 1077 1703 ducentos

245 1741 333 1803 Ante
347 1740 449 1805 cibum
466 1763 582 1818 versus,
599 1741 727 1805 totidem
744 1752 903 1812 coenatus3
929 1741 1076 1805 Hetrusci

245 1840 345 1918 Quale
358 1843 419 1906 lirit
434 1844 524 1908 Cassi
539 1843 647 1926 rapido
661 1842 830 1906 ferventius
846 1843 929 1905 amni

246 1942 425 2026 Ingenium,
440 1944 539 2027 capsis
554 1964 645 2027 quem
660 1942 743 2006 fama
758 1956 804 2005 est
819 1964 885 2005 esse
900 1944 1047 2028 librisque

244 2043 436 2107 Ambustum
452 2044 592 2127 propriis.
638 2045 748 2106 Fuerit
765 2043 919 2120 Lucilius,
935 2045 1072 2129 inquam,

245 2145 352 2210 Comis
366 2158 398 2209 et
412 2146 566 2218 urbanus;
591 2145 684 2210 fuerit
699 2146 833 2211 limatior
849 2145 942 2223 idem,

244 2247 345 2325 Quam
361 2247 448 2312 rudis
462 2262 494 2312 et
509 2247 629 2312 Graecis
643 2247 751 2313 intacti
767 2247 911 2312 canninis
925 2263 1042 2326 auctor,

244 2349 407 2436 Quamque
426 2352 590 2416 Poetarum
606 2352 759 2416 seniorum
778 2352 886 2430 turba;
909 2352 964 2416 sed
977 2352 1042 2431 ille,

246 2450 280 2513 Si
295 2451 373 2515 foret
389 2452 447 2517 hoc
462 2467 601 2518 nostrum
615 2454 681 2518 fato
696 2455 817 2520 delatus
833 2454 865 2517 in
881 2476 994 2532 aevum,

129 2574 132 2578 ·
244 2550 408 2617 Detereret
423 2554 482 2617 sibi
498 2555 614 2633 multa3
636 2556 788 2620 recideret
802 2578 892 2620 omne
906 2558 990 2640 quod
1001 2557 1083 2621 ultra

243 2651 420 2717 Perfectum
438 2654 630 2732 traheretur3
653 2656 732 2717 etin
747 2678 838 2720 versu
852 2657 994 2720 faciendo

244 2753 334 2836 Saepe
349 2766 443 2836 caput
457 2756 605 2832 scaberet,
621 2754 708 2817 vivos
723 2768 755 2818 et
769 2758 890 2820 roderet
905 2777 1034 2838 ungues.

244 2855 335 2939 Soepe
349 2854 454 2918 stilum
470 2868 583 2932 vertas,
598 2855 709 2918 iterum
725 2876 795 2939 quae
810 2857 905 2939 digna
920 2856 981 2938 legi
996 2856 1059 2917 sint

244 2955 443 3041 Scriptums3
465 2979 565 3043 neque
580 2970 611 3021 te
625 2969 661 3019 ut
675 2956 804 3019 miretur
818 2955 921 3032 turba,
936 2954 1068 3031 labores,

242 3058 417 3123 Contentus
431 3061 537 3145 paucis
552 3058 734 3124 lectoribus:
757 3079 797 3121 an
813 3068 867 3120 tua
881 3057 1007 3120 demens

242 3159 369 3225 Vilibus
383 3161 415 3225 in
431 3161 514 3226 ludis
528 3162 639 3227 dictari
654 3159 790 3227 carmina
806 3157 918 3223 malis?
1192 3159 1235 3241 75

241 3260 315 3323 Non
330 3282 404 3345 ego3
426 3284 497 3327 nam
513 3264 588 3327 satis
602 3275 650 3327 est
663 3261 797 3348 equitem
810 3259 887 3324 mihi
899 3261 1058 3346 plaudere,
1074 3273 1110 3325 ut
1122 3261 1233 3338 audax,

241 3360 416 3426 Contemtis
430 3363 510 3442 aliis,
527 3365 655 3449 explosa
669 3362 844 3428 Arbuscula
859 3363 948 3427 dixit.

240 3459 330 3524 Meu'
344 3477 466 3529 moveat
481 3464 581 3529 cimex
596 3465 771 3544 Pantilius3
793 3479 848 3529 aut
862 3465 979 3530 cruciet
993 3466 1077 3550 quod

240 3561 373 3629 Vellicet
387 3567 544 3631 absentem
559 3567 761 3633 Demetrius?
784 3581 839 3631 aut
853 3569 937 3652 quod
951 3567 1076 3652 ineptus

240 3663 381 3729 Fannius
396 3667 606 3754 Hermogenis
621 3669 715 3735 laedat
729 3670 859 3734 conviva
875 3669 1018 3753 Tigelli?
1191 3669 1234 3729 80

240 3765 375 3845 Plotius,
390 3780 422 3831 et
437 3769 560 3850 Varius,
576 3773 745 3852 Maecenas,
762 3772 982 3857 Virgiliusque‚

241 3866 381 3953 Valgius,
398 3883 430 3933 et
442 3872 552 3956 probet
566 3873 635 3939 baec
651 3877 801 3940 Octavius
816 3875 962 3959 optimus,
979 3887 1072 3957 atque

240 3969 381 4045 Fuscum
406 3987 437 4037 et
452 3972 521 4038 haec
535 3977 654 4061 utinam
674 3979 836 4043 Viscorum
851 3977 957 4040 laudet
973 3988 1119 4059 uterque:

239 4073 418 4139 Ambitione
432 4077 578 4161 relegata,
595 4091 626 4142 te
641 4079 743 4144 dicere
758 4099 894 4165 possum,

240 4173 353 4254 Pollio,
370 4189 411 4255 te,
429 4174 576 4257 Messala,
592 4192 731 4244 tuocum
748 4181 860 4256 fratre;
886 4182 1039 4267 simulque
1191 4180 1235 4240 85
