2872 5010
235 448 279 511 38
557 466 587 509 ss.
613 462 761 504 itonam
787 462 911 505 unctus

239 617 267 687 ll
283 618 355 681 Non
370 637 439 700 ego,
455 626 641 688 narrantem,
656 626 772 676 temere
785 613 838 677 cdi
854 612 924 677 luce
938 613 1074 697 profesta

240 717 411 802 Quicqusm
427 728 540 800 prester
553 714 633 791 clus,
647 712 779 778 fummae
792 736 864 779 cum
878 715 961 799 pede
973 736 1089 800 perne.

240 823 292 885 Ac
307 819 384 883 mihi
398 841 454 882 seu
468 819 595 902 longum
609 829 681 901 post
696 829 819 901 tempus
834 831 960 881 venerat
975 816 1101 903 hospes,

242 924 314 988 Sive
329 944 456 1007 operum
472 943 569 986 vacuo
583 932 691 1005 gratus
706 919 836 984 conviva
849 941 906 1004 per
920 919 1050 985 imbrem

242 1024 381 1099 Vicinus,
397 1024 475 1086 bene
488 1035 565 1099 eret,
580 1042 643 1085 non
658 1021 794 1105 piscibus
809 1022 886 1086 urhe
900 1021 1019 1106 petitis,
1172 1025 1242 1089 1oe

243 1125 305 1189 Sed
319 1123 409 1208 pullo
423 1136 514 1208 atque
529 1123 642 1186 hoedo:
666 1135 733 1186 tum
749 1123 876 1206 pensilis
891 1145 953 1188 uss
966 1125 1117 1190 secundas

242 1229 288 1291 Et
301 1247 368 1288 nux
385 1227 514 1290 ornsbst
528 1246 661 1300 mensas,
676 1247 746 1288 cum
762 1226 888 1309 duplice
901 1226 980 1290 ficu:

244 1329 320 1391 Post
334 1326 393 1390 hoc
407 1326 500 1390 ludus
514 1340 579 1391 erat
594 1326 687 1411 culpa
701 1341 807 1411 potare
822 1328 988 1412 magistra

242 1431 295 1492 Ac
310 1443 455 1492 venerata
469 1429 575 1507 Ceres,
588 1429 633 1492 ita
648 1429 751 1492 culmo
765 1442 903 1513 surgeret
918 1430 992 1505 alto,

243 1531 407 1616 Explicuit
421 1533 494 1596 vino
509 1545 674 1596 contractus
691 1531 770 1594 seria
783 1531 903 1594 frontis.
1173 1531 1240 1593 125

244 1633 371 1712 Sevist,
387 1647 479 1720 atque
493 1656 589 1698 novos
604 1647 727 1697 moveat
743 1633 867 1696 fortuna
882 1630 1046 1706 tumultus,

243 1737 401 1813 Quantum
413 1734 487 1799 hinc
498 1735 682 1799 imminuet?
696 1747 812 1819 quanto
823 1748 878 1797 aut
889 1756 947 1817 ego
958 1733 1091 1816 parcius,
1103 1745 1158 1798 sut
1170 1754 1239 1810 vce,

243 1838 273 1901 0
289 1837 387 1920 pueri,
403 1837 551 1909 nituistis‚
568 1851 603 1900 ut
618 1837 679 1900 huc
694 1858 793 1900 novus
808 1836 909 1899 incola
924 1834 1033 1899 venit?

244 1939 325 2002 Nem
341 1938 474 2022 propriae
490 1938 607 2001 telluris
623 1937 731 2001 herum
747 1949 857 1998 natura
872 1957 973 2019 neque
988 1935 1088 2012 illum,

243 2038 311 2102 Nec
326 2059 387 2114 me,
401 2060 458 2101 nec
472 2059 656 2123 quemquam
672 2036 798 2101 statuit:
823 2057 879 2098 nos
894 2035 1015 2119 expulit
1029 2037 1104 2111 ille;
1173 2038 1241 2101 1³⁰

243 2138 340 2203 Illum
355 2153 410 2204 aut
424 2140 587 2225 nequities,
603 2153 657 2203 aut
672 2134 750 2203 vafri
764 2137 887 2202 inscitia
897 2138 998 2221 juris;

243 2242 405 2306 Postremo
419 2242 552 2327 expellet
566 2256 649 2305 certe
664 2240 800 2305 vivacior
813 2238 923 2304 haeres.

243 2343 338 2407 Nunc
353 2365 425 2429 ager
440 2344 594 2408 Umbreni
609 2345 667 2407 sub
681 2343 816 2419 nomine,
831 2366 930 2428 nuper
946 2341 1044 2408 Ofelli

243 2446 357 2511 Dictus
371 2461 448 2522 erat,
464 2446 543 2509 nulli
559 2447 721 2531 proprius;
744 2446 797 2509 sed
813 2447 895 2510 cedit
910 2447 942 2509 in
957 2470 1046 2511 usum

243 2546 338 2610 Nunc
354 2547 441 2622 milri,
457 2569 540 2611 nunc
554 2548 625 2610 alii:
649 2549 791 2631 quocirca
807 2548 902 2611 vivite
913 2549 1021 2624 fortes,
1175 2550 1241 2613 136

243 2644 411 2729 Furtiaquc
427 2648 562 2709 adversis
577 2648 723 2729 opponite
738 2660 863 2730 pectora
878 2649 981 2710 rebus.

559 2896 731 2903 -.ρ-..ψ-

606 3062 778 3125 ss'rllin
804 3061 876 3124 111.

244 3267 301 3330 Sic
317 3288 385 3330 raro
401 3265 518 3343 scribis,
533 3277 569 3328 ut
583 3278 648 3328 toto
663 3287 724 3328 non
740 3279 848 3350 quater
863 3288 944 3330 anno

244 3367 458 3431 Membransm
474 3386 592 3450 poscas,
609 3367 790 3450 scriptorum
807 3391 938 3455 quaeque
951 3385 1104 3451 retexens,

243 3470 347 3533 lrstus
362 3467 417 3531 tibi
434 3469 517 3553 quod
532 3467 596 3531 vini
612 3468 772 3554 somnique
786 3471 939 3555 benignus

243 3569 298 3634 Nil
313 3569 443 3655 dignum
459 3590 599 3633 sermone
613 3592 728 3635 canas·
760 3574 845 3652 Quid
859 3575 937 3639 fiet?
960 3589 992 3640 st
1007 3577 1082 3661 ipsis

243 3669 458 3736 Saturnalibus
472 3669 534 3733 huc
548 3670 674 3755 fugisti3
697 3674 815 3739 sobrius
831 3699 903 3760 ergo
1216 3683 1239 3742 5

242 3771 304 3836 Dic
319 3770 436 3855 aliquid
452 3771 580 3855 dignum
596 3776 770 3857 promissis:
794 3778 915 3863 incipe3
939 3778 984 3841 nil
999 3791 1055 3843 est.

243 3872 419 3956 Culpantur
432 3871 546 3936 frustra
561 3874 683 3953 calami,
699 3879 932 3963 immeritusque
946 3879 1064 3944 laborat

244 3972 337 4037 Iratis
351 3984 443 4035 natus
457 3973 557 4055 paries
575 3975 646 4038 Diis
661 3991 754 4063 atque
768 3981 879 4063 poetis.

241 4073 342 4162 Atqui
357 4073 462 4136 vultus
476 4087 542 4138 erat
558 4077 655 4140 multu
670 4092 701 4142 et
718 4080 864 4162 praeclara
878 4081 1036 4161 minentis,

242 4180 275 4244 Si
291 4197 421 4242 saeuum
438 4175 543 4259 tepido
559 4180 690 4261 cepisset
705 4180 814 4245 villula
831 4195 921 4246 tecto.
1195 4187 1239 4247 10
