2872 5010
524 458 718 502 suuuouust
738 458 804 500 sm.
822 460 844 500 1.
861 437 891 519 7.

213 611 370 675 Fallacem
388 610 526 687 Circum,
543 608 811 694 vespertinumque
826 604 948 694 pererro

211 716 302 797 Soepe
314 711 436 786 t'orum3
461 710 570 775 assisto
585 708 700 773 divinis
713 734 722 784 ;
747 709 820 773 inde
836 710 961 773 domum
977 731 1026 773 ms

210 813 261 876 Ad
275 813 358 898 porri
373 825 405 877 et
419 812 526 877 ciceris
541 810 639 875 refero
654 802 820 896 logsnique
834 811 989 875 cadmum:
1143 811 1205 874 llo

212 917 312 978 Coeua
326 914 518 978 ministretur
532 913 637 998 pueris
652 912 770 986 tribus3
794 926 826 976 et
840 911 920 996 lapis
934 911 1023 976 albus

213 1016 331 1079 Poeuls
345 1036 415 1079 cum
430 1014 543 1099 cyatho
558 1014 621 1078 duo
636 1013 787 1087 sustiuet;
813 1028 894 1078 estut
907 1013 1020 1078 echino

212 1117 291 1180 Vilis
306 1139 376 1181 cum
391 1131 498 1203 potem
511 1129 631 1202 gustus,
651 1117 813 1202 Campans
827 1116 978 1202 supellex.

212 1218 335 1282 Deinde
349 1242 385 1283 eo
400 1219 578 1295 dormitum,
594 1241 656 1282 non
673 1218 822 1296 solicitus,
839 1219 915 1284 mihi
931 1219 1015 1304 quod
1030 1239 1096 1282 eros

212 1320 408 1405 Surgendum
424 1321 465 1384 sit
480 1341 580 1392 mane,
596 1321 757 1385 obeundus
773 1323 914 1406 Marsya,
929 1321 1032 1408 quise
1141 1320 1204 1383 luo

212 1422 339 1485 Vultum
355 1422 435 1486 ferre
449 1434 543 1506 negat
559 1422 730 1485 Noviorum
746 1443 836 1505 posse
851 1421 987 1489 minoris.

211 1523 267 1587 Ad
281 1536 421 1608 questam
432 1525 539 1608 jaceo:
564 1536 633 1607 post
649 1524 729 1587 hauc
745 1545 851 1607 vagor,
873 1536 928 1588 sut
947 1546 1004 1608 ego
1018 1524 1109 1601 lecto,

211 1626 281 1687 Aut
296 1625 411 1709 scripto
424 1627 507 1709 quod
523 1646 572 1688 me
588 1625 714 1688 tacitum
726 1626 835 1708 juvet:
858 1646 959 1708 ungor
972 1624 1065 1698 olivo,

212 1726 285 1786 Non
300 1746 361 1809 quo
375 1725 527 1793 fraudatis
541 1725 720 1789 immundus
735 1727 841 1790 Nuces
855 1725 997 1790 lucernis.

214 1828 276 1888 Ast
290 1826 345 1890 ubi
361 1847 410 1889 me
424 1825 539 1890 sessum
555 1826 601 1889 sol
616 1826 715 1890 serior
728 1827 774 1890 ire
788 1826 925 1890 lavatum
1140 1824 1204 1888 leo

212 1927 400 2005 Admonuit,
415 1927 502 2011 fugio
519 1930 672 2014 Campum
688 1929 851 2014 lusumque
865 1928 1026 2014 trigouem.

213 2030 348 2094 Pransus
363 2053 425 2094 uou
440 2031 542 2107 avide,
557 2045 706 2116 quantum
723 2030 899 2116 interpellet
914 2029 999 2094 insui

215 2130 326 2195 Ventre
340 2131 422 2195 diem
438 2133 560 2209 durare,
576 2133 764 2198 domesticus
779 2133 868 2197 otior.
915 2134 998 2197 Hoec
1012 2146 1059 2196 est

212 2232 284 2296 Vite
299 2233 468 2297 solutorum
484 2234 596 2299 misera
611 2235 778 2299 ambitione
793 2235 956 2319 gravique:

212 2335 275 2400 His
290 2358 339 2399 me
354 2335 494 2399 consolor
505 2335 658 2399 victurum
675 2335 813 2410 suevius,
825 2358 860 2401 sc
875 2335 902 2399 si
1141 2331 1206 2396 leo

212 2439 357 2515 Quaestor
370 2460 459 2516 evus,
474 2450 562 2522 pater
576 2451 669 2521 atque
684 2459 782 2514 meus,
797 2449 986 2523 patruusque
999 2437 1118 2502 fuisset.
1183 2429 1187 2438 ¹

560 2844 743 2906 SATIRA
769 2845 848 2907 Vll.

212 3046 419 3109 Psoscsmui
433 3044 532 3128 Regis
548 3047 660 3131 Rupili
674 3069 734 3130 pus
749 3062 842 3132 etque
856 3071 1008 3119 venenum

213 3147 319 3212 Ibrida
333 3169 394 3232 quo
409 3160 500 3231 poeto
514 3147 555 3210 sit
571 3149 696 3212 Persius
711 3151 807 3227 ultus,
823 3152 932 3235 opinor

211 3250 364 3313 Omnibus
380 3262 411 3313 et
426 3249 520 3333 lippis
534 3263 641 3314 notum
658 3266 689 3315 et
705 3252 878 3317 tonsoribus
893 3276 970 3317 esse.

212 3353 337 3416 Persius
352 3352 405 3415 hic
419 3374 586 3437 permagna
601 3353 726 3438 negotia
740 3354 827 3419 dives
842 3355 976 3419 habebut

212 3453 418 3530 Clazomenis,
430 3453 520 3518 etiam
536 3454 607 3518 lites
618 3478 688 3519 cum
708 3457 797 3540 Rege
812 3457 971 3530 molestes3
1182 3459 1203 3520 ὅ

212 3558 320 3621 Durus
334 3557 438 3634 homo,
453 3569 546 3641 atque
560 3557 631 3621 odio
647 3558 700 3642 qui
716 3571 819 3642 posset
831 3558 954 3622 vincere
972 3560 1092 3645 Regem
1104 3585 1113 3632 ς

212 3658 390 3735 Confidens‚
407 3659 563 3731 tumidus;
589 3660 665 3724 adeo
681 3661 830 3725 sermonis
845 3663 953 3738 amori,

212 3760 369 3837 Sisennae,
386 3757 499 3825 Bomos
514 3776 551 3825 ut
565 3763 652 3847 equis
666 3775 868 3846 praecurreret
882 3762 971 3828 olbis.

209 3863 261 3926 Ad
276 3864 396 3947 Regem
410 3864 520 3927 redeo:
545 3877 707 3948 postquam
724 3864 804 3929 nihil
818 3865 898 3930 inter
908 3877 1074 3952 utrumque

210 3963 367 4028 Convenit
383 3964 456 4042 (hoo
470 3966 584 4030 etenim
600 3981 673 4031 suut
689 3989 794 4032 omnes
806 3967 879 4053 jure
894 3968 1015 4033 molesti
1161 3970 1204 4032 10

210 4070 280 4145 Quo
293 4066 398 4144 fortes,
413 4068 524 4153 quibus
539 4071 701 4135 adversum
714 4071 832 4136 bellum
848 4071 968 4136 incidit.
1015 4072 1104 4135 Inter

210 4169 350 4233 Hectore
367 4170 557 4249 Priamiden,
575 4173 746 4237 animosum
763 4185 856 4256 atque
870 4174 951 4237 inter
968 4171 1124 4236 Achillem
