<?xml version="1.0" encoding="UTF-8"?>
<!DOCTYPE html PUBLIC "-//W3C//DTD XHTML 1.0 Transitional//EN"
    "http://www.w3.org/TR/xhtml1/DTD/xhtml1-transitional.dtd">
<html xmlns="http://www.w3.org/1999/xhtml" xml:lang="en" lang="en">
 <head>
  <title>
</title>
<meta http-equiv="Content-Type" content="text/html;charset=utf-8" />
  <meta name='ocr-system' content='tesseract 3.04.00' />
  <meta name='ocr-capabilities' content='ocr_page ocr_carea ocr_par ocr_line ocrx_word'/>
</head>
<body>
  <div class='ocr_page' id='page_1' title='image "./horatiusrestitu00tategoog_0275.png"; bbox 0 0 2872 5010; ppageno 0'>
   <div class='ocr_carea' id='block_1_1' title="bbox 275 426 947 488">
    <p class='ocr_par' dir='ltr' id='par_1_1' title="bbox 275 426 947 488">
     <span class='ocr_line' id='line_1_1' title="bbox 275 426 947 488; baseline -0.003 -3"><span class='ocrx_word' id='word_1_1' title='bbox 275 426 317 485; x_wconf 77' lang='lat'>40</span> <span class='ocrx_word' id='word_1_2' title='bbox 596 446 627 488; x_wconf 77' lang='lat' dir='ltr'>a.</span> <span class='ocrx_word' id='word_1_3' title='bbox 654 443 797 485; x_wconf 79' lang='lat' dir='ltr'>noaasn</span> <span class='ocrx_word' id='word_1_4' title='bbox 825 442 947 485; x_wconf 73' lang='lat' dir='ltr'>ruscea</span> 
     </span>
    </p>
   </div>
   <div class='ocr_carea' id='block_1_2' title="bbox 258 591 1276 4224">
    <p class='ocr_par' dir='ltr' id='par_1_2' title="bbox 277 591 1050 678">
     <span class='ocr_line' id='line_1_2' title="bbox 277 591 1050 678; baseline -0.001 -22"><span class='ocrx_word' id='word_1_5' title='bbox 277 591 443 678; x_wconf 88' lang='lat' dir='ltr'>Desipiant</span> <span class='ocrx_word' id='word_1_6' title='bbox 457 616 563 657; x_wconf 86' lang='lat' dir='ltr'>omnes</span> <span class='ocrx_word' id='word_1_7' title='bbox 577 615 665 677; x_wconf 80' lang='lat' dir='ltr'>aeque</span> <span class='ocrx_word' id='word_1_8' title='bbox 680 614 715 656; x_wconf 86' lang='lat' dir='ltr'>ac</span> <span class='ocrx_word' id='word_1_9' title='bbox 731 606 777 668; x_wconf 87' lang='lat' dir='ltr'>tu,</span> <span class='ocrx_word' id='word_1_10' title='bbox 794 592 848 676; x_wconf 89' lang='lat' dir='ltr'>qui</span> <span class='ocrx_word' id='word_1_11' title='bbox 864 592 923 654; x_wconf 91' lang='lat' dir='ltr'>tibi</span> <span class='ocrx_word' id='word_1_12' title='bbox 938 613 1050 656; x_wconf 89' lang='lat' dir='ltr'>nomen</span> 
     </span>
    </p>

    <p class='ocr_par' dir='ltr' id='par_1_3' title="bbox 278 693 998 776">
     <span class='ocr_line' id='line_1_3' title="bbox 278 693 998 776; baseline -0.004 -18"><span class='ocrx_word' id='word_1_13' title='bbox 278 696 393 758; x_wconf 83' lang='lat' dir='ltr'>lucano</span> <span class='ocrx_word' id='word_1_14' title='bbox 408 711 547 776; x_wconf 88' lang='lat' dir='ltr'>posuere.</span> <span class='ocrx_word' id='word_1_15' title='bbox 592 695 687 757; x_wconf 88' lang='lat' dir='ltr'>Velut</span> <span class='ocrx_word' id='word_1_16' title='bbox 702 693 799 770; x_wconf 84' lang='lat' dir='ltr'>silvis,</span> <span class='ocrx_word' id='word_1_17' title='bbox 814 693 868 756; x_wconf 92' lang='lat' dir='ltr'>ubi</span> <span class='ocrx_word' id='word_1_18' title='bbox 883 693 998 776; x_wconf 87' lang='lat' dir='ltr'>passim</span> 
     </span>
    </p>

    <p class='ocr_par' dir='ltr' id='par_1_4' title="bbox 277 794 936 879">
     <span class='ocr_line' id='line_1_4' title="bbox 277 794 936 879; baseline -0.002 -20"><span class='ocrx_word' id='word_1_19' title='bbox 277 797 424 861; x_wconf 84' lang='lat' dir='ltr'>Palantes</span> <span class='ocrx_word' id='word_1_20' title='bbox 438 819 522 861; x_wconf 85' lang='lat' dir='ltr'>error</span> <span class='ocrx_word' id='word_1_21' title='bbox 536 810 619 860; x_wconf 88' lang='lat' dir='ltr'>certo</span> <span class='ocrx_word' id='word_1_22' title='bbox 634 797 674 859; x_wconf 89' lang='lat' dir='ltr'>de</span> <span class='ocrx_word' id='word_1_23' title='bbox 690 795 812 858; x_wconf 79' lang='lat' dir='ltr'><strong>tramite</strong></span> <span class='ocrx_word' id='word_1_24' title='bbox 827 794 936 879; x_wconf 83' lang='lat' dir='ltr'>pellit;</span> 
     </span>
    </p>

    <p class='ocr_par' dir='ltr' id='par_1_5' title="bbox 278 895 1276 1078">
     <span class='ocr_line' id='line_1_5' title="bbox 278 895 1276 983; baseline 0.004 -25"><span class='ocrx_word' id='word_1_25' title='bbox 278 896 339 960; x_wconf 86' lang='lat' dir='ltr'>Ille</span> <span class='ocrx_word' id='word_1_26' title='bbox 353 898 573 973; x_wconf 82' lang='lat' dir='ltr'>sinistrorsum,</span> <span class='ocrx_word' id='word_1_27' title='bbox 589 897 641 960; x_wconf 84' lang='lat' dir='ltr'>hic</span> <span class='ocrx_word' id='word_1_28' title='bbox 655 897 851 960; x_wconf 83' lang='lat' dir='ltr'>dextrorsum</span> <span class='ocrx_word' id='word_1_29' title='bbox 868 895 952 970; x_wconf 89' lang='lat' dir='ltr'>abit;</span> <span class='ocrx_word' id='word_1_30' title='bbox 976 919 1060 961; x_wconf 78' lang='lat' dir='ltr'>arnus</span> <span class='ocrx_word' id='word_1_31' title='bbox 1076 897 1200 983; x_wconf 89' lang='lat' dir='ltr'>utrique</span> <span class='ocrx_word' id='word_1_32' title='bbox 1231 901 1276 963; x_wconf 83' lang='lat'>50</span> 
     </span>
     <span class='ocr_line' id='line_1_6' title="bbox 279 994 985 1078; baseline 0.004 -20"><span class='ocrx_word' id='word_1_33' title='bbox 279 994 383 1072; x_wconf 82' lang='lat' dir='ltr'>Error,</span> <span class='ocrx_word' id='word_1_34' title='bbox 400 1000 454 1062; x_wconf 90' lang='lat' dir='ltr'>sed</span> <span class='ocrx_word' id='word_1_35' title='bbox 469 999 561 1062; x_wconf 87' lang='lat' dir='ltr'>variis</span> <span class='ocrx_word' id='word_1_36' title='bbox 577 998 683 1061; x_wconf 84' lang='lat' dir='ltr'><strong>illudit</strong></span> <span class='ocrx_word' id='word_1_37' title='bbox 700 997 855 1078; x_wconf 82' lang='lat' dir='ltr'>partibus:</span> <span class='ocrx_word' id='word_1_38' title='bbox 879 997 938 1060; x_wconf 89' lang='lat' dir='ltr'>hoc</span> <span class='ocrx_word' id='word_1_39' title='bbox 954 1009 985 1061; x_wconf 83' lang='lat' dir='ltr'>te</span> 
     </span>
    </p>

    <p class='ocr_par' dir='ltr' id='par_1_6' title="bbox 277 1098 1083 1182">
     <span class='ocr_line' id='line_1_7' title="bbox 277 1098 1083 1182; baseline 0.002 -21"><span class='ocrx_word' id='word_1_40' title='bbox 277 1099 378 1163; x_wconf 84' lang='lat' dir='ltr'>Crede</span> <span class='ocrx_word' id='word_1_41' title='bbox 393 1101 484 1163; x_wconf 90' lang='lat' dir='ltr'>modo</span> <span class='ocrx_word' id='word_1_42' title='bbox 500 1101 653 1175; x_wconf 86' lang='lat' dir='ltr'>insanum,</span> <span class='ocrx_word' id='word_1_43' title='bbox 670 1099 768 1161; x_wconf 89' lang='lat' dir='ltr'>nihilo</span> <span class='ocrx_word' id='word_1_44' title='bbox 783 1112 819 1162; x_wconf 87' lang='lat' dir='ltr'>ut</span> <span class='ocrx_word' id='word_1_45' title='bbox 835 1098 1003 1182; x_wconf 82' lang='lat' dir='ltr'>sapientior</span> <span class='ocrx_word' id='word_1_46' title='bbox 1018 1099 1083 1177; x_wconf 86' lang='lat' dir='ltr'>illc,</span> 
     </span>
    </p>

    <p class='ocr_par' dir='ltr' id='par_1_7' title="bbox 276 1199 1137 1386">
     <span class='ocr_line' id='line_1_8' title="bbox 276 1199 1137 1284; baseline 0.002 -21"><span class='ocrx_word' id='word_1_47' title='bbox 276 1199 339 1275; x_wconf 83' lang='lat' dir='ltr'>Qui</span> <span class='ocrx_word' id='word_1_48' title='bbox 356 1214 385 1262; x_wconf 90' lang='lat' dir='ltr'>te</span> <span class='ocrx_word' id='word_1_49' title='bbox 401 1200 531 1276; x_wconf 85' lang='lat' dir='ltr'><strong>deridet,</strong></span> <span class='ocrx_word' id='word_1_50' title='bbox 547 1200 676 1263; x_wconf 88' lang='lat' dir='ltr'>caudam</span> <span class='ocrx_word' id='word_1_51' title='bbox 694 1199 806 1263; x_wconf 90' lang='lat' dir='ltr'>trabat.</span> <span class='ocrx_word' id='word_1_52' title='bbox 851 1202 913 1263; x_wconf 86' lang='lat' dir='ltr'>Est</span> <span class='ocrx_word' id='word_1_53' title='bbox 927 1223 1026 1284; x_wconf 79' lang='lat' dir='ltr'>genus</span> <span class='ocrx_word' id='word_1_54' title='bbox 1041 1223 1137 1265; x_wconf 90' lang='lat' dir='ltr'>unum</span> 
     </span>
     <span class='ocr_line' id='line_1_9' title="bbox 276 1300 1106 1386; baseline 0.005 -23"><span class='ocrx_word' id='word_1_55' title='bbox 276 1300 428 1364; x_wconf 76' lang='lat' dir='ltr'>Stultitia·</span> <span class='ocrx_word' id='word_1_56' title='bbox 443 1301 575 1364; x_wconf 88' lang='lat' dir='ltr'>nibilum</span> <span class='ocrx_word' id='word_1_57' title='bbox 593 1301 758 1365; x_wconf 86' lang='lat' dir='ltr'>metuenda</span> <span class='ocrx_word' id='word_1_58' title='bbox 774 1301 929 1376; x_wconf 86' lang='lat' dir='ltr'>timentis;</span> <span class='ocrx_word' id='word_1_59' title='bbox 954 1301 1106 1386; x_wconf 77' lang='lat' dir='ltr'>migres,</span> 
     </span>
    </p>

    <p class='ocr_par' dir='ltr' id='par_1_8' title="bbox 272 1385 1270 1591">
     <span class='ocr_line' id='line_1_10' title="bbox 276 1385 1270 1488; baseline 0.004 -24"><span class='ocrx_word' id='word_1_60' title='bbox 276 1401 323 1464; x_wconf 93' lang='lat' dir='ltr'>Ut</span> <span class='ocrx_word' id='word_1_61' title='bbox 338 1425 429 1487; x_wconf 80' lang='lat' dir='ltr'>rupes</span> <span class='ocrx_word' id='word_1_62' title='bbox 444 1385 615 1487; x_wconf 80' lang='lat' dir='ltr'>fluviosque</span> <span class='ocrx_word' id='word_1_63' title='bbox 630 1403 663 1465; x_wconf 94' lang='lat' dir='ltr'>in</span> <span class='ocrx_word' id='word_1_64' title='bbox 678 1424 789 1487; x_wconf 89' lang='lat' dir='ltr'>campo</span> <span class='ocrx_word' id='word_1_65' title='bbox 801 1405 923 1467; x_wconf 86' lang='lat' dir='ltr'>obstare</span> <span class='ocrx_word' id='word_1_66' title='bbox 937 1419 1102 1488; x_wconf 75' lang='lat' dir='ltr'><strong>queratur:</strong></span> <span class='ocrx_word' id='word_1_67' title='bbox 1228 1408 1270 1468; x_wconf 80' lang='lat'>55</span> 
     </span>
     <span class='ocr_line' id='line_1_11' title="bbox 272 1494 1189 1591; baseline 0.005 -26"><span class='ocrx_word' id='word_1_68' title='bbox 272 1503 414 1568; x_wconf 78' lang='lat' dir='ltr'>Alterum</span> <span class='ocrx_word' id='word_1_69' title='bbox 431 1520 462 1569; x_wconf 86' lang='lat' dir='ltr'>ct</span> <span class='ocrx_word' id='word_1_70' title='bbox 477 1505 550 1568; x_wconf 92' lang='lat' dir='ltr'>huic</span> <span class='ocrx_word' id='word_1_71' title='bbox 566 1506 699 1580; x_wconf 76' lang='lat' dir='ltr'>carium,</span> <span class='ocrx_word' id='word_1_72' title='bbox 715 1518 746 1567; x_wconf 88' lang='lat' dir='ltr'>et</span> <span class='ocrx_word' id='word_1_73' title='bbox 761 1504 859 1567; x_wconf 84' lang='lat' dir='ltr'>nihilo</span> <span class='ocrx_word' id='word_1_74' title='bbox 875 1505 1058 1589; x_wconf 89' lang='lat' dir='ltr'>sapientius,</span> <span class='ocrx_word' id='word_1_75' title='bbox 1071 1507 1159 1591; x_wconf 81' lang='lat' dir='ltr'>ignes</span> <span class='ocrx_word' id='word_1_76' title='bbox 1184 1494 1189 1499; x_wconf 34' lang='lat'><strong>¹</strong></span> 
     </span>
    </p>

    <p class='ocr_par' dir='ltr' id='par_1_9' title="bbox 273 1607 1052 1690">
     <span class='ocr_line' id='line_1_12' title="bbox 273 1607 1052 1690; baseline 0.004 -22"><span class='ocrx_word' id='word_1_77' title='bbox 273 1607 335 1668; x_wconf 88' lang='lat' dir='ltr'>Per</span> <span class='ocrx_word' id='word_1_78' title='bbox 350 1608 466 1670; x_wconf 90' lang='lat' dir='ltr'>medios</span> <span class='ocrx_word' id='word_1_79' title='bbox 483 1607 652 1690; x_wconf 86' lang='lat' dir='ltr'>fluviosque</span> <span class='ocrx_word' id='word_1_80' title='bbox 669 1607 802 1669; x_wconf 85' lang='lat' dir='ltr'>ruentis:</span> <span class='ocrx_word' id='word_1_81' title='bbox 826 1607 938 1670; x_wconf 84' lang='lat' dir='ltr'>clamet</span> <span class='ocrx_word' id='word_1_82' title='bbox 953 1608 1052 1672; x_wconf 82' lang='lat' dir='ltr'>amica</span> 
     </span>
    </p>

    <p class='ocr_par' dir='ltr' id='par_1_10' title="bbox 274 1707 1128 1794">
     <span class='ocr_line' id='line_1_13' title="bbox 274 1707 1128 1794; baseline 0.004 -23"><span class='ocrx_word' id='word_1_83' title='bbox 274 1707 391 1783; x_wconf 87' lang='lat' dir='ltr'>Mater,</span> <span class='ocrx_word' id='word_1_84' title='bbox 408 1709 538 1773; x_wconf 84' lang='lat' dir='ltr'>honesta</span> <span class='ocrx_word' id='word_1_85' title='bbox 551 1732 646 1786; x_wconf 89' lang='lat' dir='ltr'>soror,</span> <span class='ocrx_word' id='word_1_86' title='bbox 662 1732 731 1773; x_wconf 89' lang='lat' dir='ltr'>curn</span> <span class='ocrx_word' id='word_1_87' title='bbox 748 1710 898 1793; x_wconf 84' lang='lat' dir='ltr'>cognatis,</span> <span class='ocrx_word' id='word_1_88' title='bbox 914 1724 1012 1794; x_wconf 90' lang='lat' dir='ltr'>pater,</span> <span class='ocrx_word' id='word_1_89' title='bbox 1028 1733 1128 1783; x_wconf 87' lang='lat' dir='ltr'>uxor;</span> 
     </span>
    </p>

    <p class='ocr_par' dir='ltr' id='par_1_11' title="bbox 272 1810 1271 2093">
     <span class='ocr_line' id='line_1_14' title="bbox 273 1810 1122 1895; baseline 0.005 -22"><span class='ocrx_word' id='word_1_90' title='bbox 273 1810 340 1874; x_wconf 90' lang='lat' dir='ltr'>Hic</span> <span class='ocrx_word' id='word_1_91' title='bbox 354 1810 436 1876; x_wconf 86' lang='lat' dir='ltr'>fossa</span> <span class='ocrx_word' id='word_1_92' title='bbox 450 1826 497 1876; x_wconf 90' lang='lat' dir='ltr'>est</span> <span class='ocrx_word' id='word_1_93' title='bbox 512 1813 639 1895; x_wconf 85' lang='lat' dir='ltr'>ingens!</span> <span class='ocrx_word' id='word_1_94' title='bbox 665 1812 716 1874; x_wconf 88' lang='lat' dir='ltr'>hic</span> <span class='ocrx_word' id='word_1_95' title='bbox 731 1833 823 1893; x_wconf 86' lang='lat' dir='ltr'>rupcs</span> <span class='ocrx_word' id='word_1_96' title='bbox 838 1812 990 1875; x_wconf 88' lang='lat' dir='ltr'>maxima!</span> <span class='ocrx_word' id='word_1_97' title='bbox 1016 1819 1122 1877; x_wconf 88' lang='lat' dir='ltr'>serva!</span> 
     </span>
     <span class='ocr_line' id='line_1_15' title="bbox 272 1912 1271 1996; baseline 0.007 -23"><span class='ocrx_word' id='word_1_98' title='bbox 272 1912 460 1996; x_wconf 81' lang='lat' dir='ltr'>Nonmagis</span> <span class='ocrx_word' id='word_1_99' title='bbox 474 1912 606 1976; x_wconf 87' lang='lat' dir='ltr'>audierit</span> <span class='ocrx_word' id='word_1_100' title='bbox 620 1934 712 1995; x_wconf 91' lang='lat' dir='ltr'>quam</span> <span class='ocrx_word' id='word_1_101' title='bbox 730 1913 844 1975; x_wconf 84' lang='lat' dir='ltr'>Fusius</span> <span class='ocrx_word' id='word_1_102' title='bbox 860 1914 964 1976; x_wconf 89' lang='lat' dir='ltr'>ebrius</span> <span class='ocrx_word' id='word_1_103' title='bbox 980 1913 1052 1976; x_wconf 90' lang='lat' dir='ltr'>olim</span> <span class='ocrx_word' id='word_1_104' title='bbox 1225 1914 1271 1980; x_wconf 88' lang='grc'>60</span> 
     </span>
     <span class='ocr_line' id='line_1_16' title="bbox 273 2013 1090 2093; baseline 0.004 -17"><span class='ocrx_word' id='word_1_105' title='bbox 273 2014 353 2076; x_wconf 93' lang='lat' dir='ltr'>Cum</span> <span class='ocrx_word' id='word_1_106' title='bbox 372 2014 503 2077; x_wconf 80' lang='lat' dir='ltr'>Ilionam</span> <span class='ocrx_word' id='word_1_107' title='bbox 520 2014 664 2088; x_wconf 84' lang='lat' dir='ltr'>edormit,</span> <span class='ocrx_word' id='word_1_108' title='bbox 682 2013 821 2075; x_wconf 83' lang='lat' dir='ltr'>Catienis</span> <span class='ocrx_word' id='word_1_109' title='bbox 837 2015 922 2077; x_wconf 89' lang='lat' dir='ltr'>mille</span> <span class='ocrx_word' id='word_1_110' title='bbox 937 2016 1090 2093; x_wconf 87' lang='lat' dir='ltr'>ducentis,</span> 
     </span>
    </p>

    <p class='ocr_par' dir='ltr' id='par_1_12' title="bbox 272 2114 1150 2283">
     <span class='ocr_line' id='line_1_17' title="bbox 274 2114 1150 2202; baseline 0.001 -23"><span class='ocrx_word' id='word_1_111' title='bbox 274 2115 379 2179; x_wconf 85' lang='lat' dir='ltr'>Mater</span> <span class='ocrx_word' id='word_1_112' title='bbox 394 2127 424 2178; x_wconf 89' lang='lat' dir='ltr'>te</span> <span class='ocrx_word' id='word_1_113' title='bbox 438 2115 571 2199; x_wconf 89' lang='lat' dir='ltr'>appello,</span> <span class='ocrx_word' id='word_1_114' title='bbox 586 2114 798 2177; x_wconf 76' lang='lat' dir='ltr'>clamantibus.</span> <span class='ocrx_word' id='word_1_115' title='bbox 846 2117 933 2180; x_wconf 91' lang='lat' dir='ltr'>Huic</span> <span class='ocrx_word' id='word_1_116' title='bbox 949 2140 1007 2201; x_wconf 79' lang='lat' dir='ltr'>ego</span> <span class='ocrx_word' id='word_1_117' title='bbox 1022 2118 1150 2202; x_wconf 82' lang='lat' dir='ltr'>vulgum</span> 
     </span>
     <span class='ocr_line' id='line_1_18' title="bbox 272 2217 979 2283; baseline -0.001 -2"><span class='ocrx_word' id='word_1_118' title='bbox 272 2219 379 2282; x_wconf 87' lang='lat' dir='ltr'>Errori</span> <span class='ocrx_word' id='word_1_119' title='bbox 396 2219 527 2283; x_wconf 81' lang='lat' dir='ltr'>similem</span> <span class='ocrx_word' id='word_1_120' title='bbox 543 2231 688 2281; x_wconf 84' lang='lat' dir='ltr'>cunctum</span> <span class='ocrx_word' id='word_1_121' title='bbox 704 2217 839 2282; x_wconf 80' lang='lat' dir='ltr'>insanire</span> <span class='ocrx_word' id='word_1_122' title='bbox 854 2220 979 2282; x_wconf 88' lang='lat' dir='ltr'>docebo.</span> 
     </span>
    </p>

    <p class='ocr_par' dir='ltr' id='par_1_13' title="bbox 274 2321 1043 2406">
     <span class='ocr_line' id='line_1_19' title="bbox 274 2321 1043 2406; baseline -0.001 -21"><span class='ocrx_word' id='word_1_123' title='bbox 274 2322 396 2386; x_wconf 81' lang='lat' dir='ltr'>Insanit</span> <span class='ocrx_word' id='word_1_124' title='bbox 411 2338 528 2386; x_wconf 86' lang='lat' dir='ltr'>veteres</span> <span class='ocrx_word' id='word_1_125' title='bbox 544 2337 660 2385; x_wconf 89' lang='lat' dir='ltr'>statuas</span> <span class='ocrx_word' id='word_1_126' title='bbox 677 2321 886 2406; x_wconf 86' lang='lat' dir='ltr'>Damasippus</span> <span class='ocrx_word' id='word_1_127' title='bbox 902 2324 1043 2387; x_wconf 84' lang='lat' dir='ltr'>emendo.</span> 
     </span>
    </p>

    <p class='ocr_par' dir='ltr' id='par_1_14' title="bbox 273 2424 1068 2508">
     <span class='ocr_line' id='line_1_20' title="bbox 273 2424 1068 2508; baseline 0 -22"><span class='ocrx_word' id='word_1_128' title='bbox 273 2425 401 2508; x_wconf 85' lang='lat' dir='ltr'>Integer</span> <span class='ocrx_word' id='word_1_129' title='bbox 415 2441 461 2488; x_wconf 88' lang='lat' dir='ltr'>est</span> <span class='ocrx_word' id='word_1_130' title='bbox 477 2426 589 2490; x_wconf 86' lang='lat' dir='ltr'>mentis</span> <span class='ocrx_word' id='word_1_131' title='bbox 606 2424 790 2507; x_wconf 80' lang='lat' dir='ltr'>Damasippi</span> <span class='ocrx_word' id='word_1_132' title='bbox 806 2425 962 2488; x_wconf 86' lang='lat' dir='ltr'>creditor?</span> <span class='ocrx_word' id='word_1_133' title='bbox 986 2441 1068 2488; x_wconf 87' lang='lat' dir='ltr'>esto:</span> 
     </span>
    </p>

    <p class='ocr_par' dir='ltr' id='par_1_15' title="bbox 270 2527 1129 2611">
     <span class='ocr_line' id='line_1_21' title="bbox 270 2527 1129 2611; baseline 0.006 -25"><span class='ocrx_word' id='word_1_134' title='bbox 270 2527 386 2611; x_wconf 78' lang='lat' dir='ltr'>Accipe</span> <span class='ocrx_word' id='word_1_135' title='bbox 400 2528 483 2610; x_wconf 86' lang='lat' dir='ltr'>quod</span> <span class='ocrx_word' id='word_1_136' title='bbox 498 2549 655 2610; x_wconf 92' lang='lat' dir='ltr'>nunquam</span> <span class='ocrx_word' id='word_1_137' title='bbox 671 2527 782 2589; x_wconf 81' lang='lat' dir='ltr'>reddas</span> <span class='ocrx_word' id='word_1_138' title='bbox 797 2528 887 2605; x_wconf 86' lang='lat' dir='ltr'>mihi,</span> <span class='ocrx_word' id='word_1_139' title='bbox 904 2528 928 2590; x_wconf 87' lang='lat' dir='ltr'>si</span> <span class='ocrx_word' id='word_1_140' title='bbox 945 2528 1001 2591; x_wconf 94' lang='lat' dir='ltr'>tibi</span> <span class='ocrx_word' id='word_1_141' title='bbox 1017 2529 1129 2605; x_wconf 87' lang='lat' dir='ltr'>dicam,</span> 
     </span>
    </p>

    <p class='ocr_par' dir='ltr' id='par_1_16' title="bbox 270 2627 1132 2811">
     <span class='ocr_line' id='line_1_22' title="bbox 271 2627 1132 2710; baseline 0.006 -23"><span class='ocrx_word' id='word_1_142' title='bbox 271 2628 365 2689; x_wconf 87' lang='lat' dir='ltr'>Tune</span> <span class='ocrx_word' id='word_1_143' title='bbox 380 2627 506 2689; x_wconf 88' lang='lat' dir='ltr'>insanus</span> <span class='ocrx_word' id='word_1_144' title='bbox 522 2629 592 2703; x_wconf 90' lang='lat' dir='ltr'>eris,</span> <span class='ocrx_word' id='word_1_145' title='bbox 608 2627 635 2688; x_wconf 90' lang='lat' dir='ltr'>si</span> <span class='ocrx_word' id='word_1_146' title='bbox 650 2628 821 2708; x_wconf 79' lang='lat' dir='ltr'>acceperis:</span> <span class='ocrx_word' id='word_1_147' title='bbox 846 2651 885 2690; x_wconf 91' lang='lat' dir='ltr'>an</span> <span class='ocrx_word' id='word_1_148' title='bbox 903 2629 1000 2710; x_wconf 85' lang='lat' dir='ltr'>magis</span> <span class='ocrx_word' id='word_1_149' title='bbox 1015 2651 1132 2704; x_wconf 84' lang='lat' dir='ltr'>excors,</span> 
     </span>
     <span class='ocr_line' id='line_1_23' title="bbox 270 2727 1084 2811; baseline -0.001 -22"><span class='ocrx_word' id='word_1_150' title='bbox 270 2727 400 2810; x_wconf 76' lang='lat' dir='ltr'>ReJecta</span> <span class='ocrx_word' id='word_1_151' title='bbox 415 2730 532 2809; x_wconf 85' lang='lat' dir='ltr'>proeda,</span> <span class='ocrx_word' id='word_1_152' title='bbox 548 2749 638 2811; x_wconf 88' lang='lat' dir='ltr'>quam</span> <span class='ocrx_word' id='word_1_153' title='bbox 656 2748 792 2809; x_wconf 76' lang='lat' dir='ltr'>praesens</span> <span class='ocrx_word' id='word_1_154' title='bbox 810 2727 985 2788; x_wconf 86' lang='lat' dir='ltr'>Mercurius</span> <span class='ocrx_word' id='word_1_155' title='bbox 1001 2728 1084 2789; x_wconf 86' lang='lat' dir='ltr'>fert?</span> 
     </span>
    </p>

    <p class='ocr_par' dir='ltr' id='par_1_17' title="bbox 269 2826 1265 3115">
     <span class='ocr_line' id='line_1_24' title="bbox 271 2826 1162 2895; baseline 0 -7"><span class='ocrx_word' id='word_1_156' title='bbox 271 2827 376 2890; x_wconf 89' lang='lat' dir='ltr'>Scribe</span> <span class='ocrx_word' id='word_1_157' title='bbox 391 2829 496 2889; x_wconf 89' lang='lat' dir='ltr'>decem</span> <span class='ocrx_word' id='word_1_158' title='bbox 513 2851 532 2889; x_wconf 93' lang='lat' dir='ltr'>a</span> <span class='ocrx_word' id='word_1_159' title='bbox 547 2827 663 2889; x_wconf 91' lang='lat' dir='ltr'>Nerio:</span> <span class='ocrx_word' id='word_1_160' title='bbox 688 2847 748 2887; x_wconf 95' lang='lat' dir='ltr'>non</span> <span class='ocrx_word' id='word_1_161' title='bbox 765 2840 811 2887; x_wconf 89' lang='lat' dir='ltr'>cst</span> <span class='ocrx_word' id='word_1_162' title='bbox 826 2827 919 2895; x_wconf 87' lang='lat' dir='ltr'>satis;</span> <span class='ocrx_word' id='word_1_163' title='bbox 944 2826 1025 2887; x_wconf 90' lang='lat' dir='ltr'>adde</span> <span class='ocrx_word' id='word_1_164' title='bbox 1041 2827 1162 2888; x_wconf 86' lang='lat' dir='ltr'>Cicutae</span> 
     </span>
     <span class='ocr_line' id='line_1_25' title="bbox 269 2925 1265 3010; baseline -0.005 -20"><span class='ocrx_word' id='word_1_165' title='bbox 269 2927 388 2990; x_wconf 91' lang='lat' dir='ltr'>Nodosi</span> <span class='ocrx_word' id='word_1_166' title='bbox 404 2926 524 2989; x_wconf 85' lang='lat' dir='ltr'>tabulas</span> <span class='ocrx_word' id='word_1_167' title='bbox 539 2941 682 2995; x_wconf 87' lang='lat' dir='ltr'>centum;</span> <span class='ocrx_word' id='word_1_168' title='bbox 708 2925 792 2987; x_wconf 90' lang='lat' dir='ltr'>mille</span> <span class='ocrx_word' id='word_1_169' title='bbox 807 2926 886 2987; x_wconf 89' lang='lat' dir='ltr'>adde</span> <span class='ocrx_word' id='word_1_170' title='bbox 902 2941 1045 2987; x_wconf 88' lang='lat' dir='ltr'>catenas:</span> <span class='ocrx_word' id='word_1_171' title='bbox 1220 2932 1265 3010; x_wconf 82' lang='lat'>70</span> 
     </span>
     <span class='ocr_line' id='line_1_26' title="bbox 269 3024 1086 3115; baseline -0.007 -21"><span class='ocrx_word' id='word_1_172' title='bbox 269 3029 409 3115; x_wconf 84' lang='lat' dir='ltr'>Effugiet</span> <span class='ocrx_word' id='word_1_173' title='bbox 424 3044 524 3092; x_wconf 86' lang='lat' dir='ltr'>tamen</span> <span class='ocrx_word' id='word_1_174' title='bbox 542 3027 609 3090; x_wconf 70' lang='lat' dir='ltr'>baec</span> <span class='ocrx_word' id='word_1_175' title='bbox 624 3025 788 3089; x_wconf 90' lang='lat' dir='ltr'>sceleratus</span> <span class='ocrx_word' id='word_1_176' title='bbox 803 3024 927 3088; x_wconf 89' lang='lat' dir='ltr'>vincula</span> <span class='ocrx_word' id='word_1_177' title='bbox 944 3027 1086 3090; x_wconf 75' lang='lat' dir='ltr'>Proteus</span> 
     </span>
    </p>

    <p class='ocr_par' dir='ltr' id='par_1_18' title="bbox 269 3127 983 3216">
     <span class='ocr_line' id='line_1_27' title="bbox 269 3127 983 3216; baseline -0.007 -21"><span class='ocrx_word' id='word_1_178' title='bbox 269 3134 350 3194; x_wconf 89' lang='lat' dir='ltr'>Cum</span> <span class='ocrx_word' id='word_1_179' title='bbox 366 3132 465 3216; x_wconf 87' lang='lat' dir='ltr'>rapies</span> <span class='ocrx_word' id='word_1_180' title='bbox 479 3131 512 3194; x_wconf 93' lang='lat' dir='ltr'>in</span> <span class='ocrx_word' id='word_1_181' title='bbox 523 3130 576 3215; x_wconf 92' lang='lat' dir='ltr'>jus</span> <span class='ocrx_word' id='word_1_182' title='bbox 592 3128 681 3191; x_wconf 88' lang='lat' dir='ltr'>malis</span> <span class='ocrx_word' id='word_1_183' title='bbox 697 3127 847 3190; x_wconf 87' lang='lat' dir='ltr'>ridentem</span> <span class='ocrx_word' id='word_1_184' title='bbox 863 3127 983 3205; x_wconf 88' lang='lat' dir='ltr'>alienis,</span> 
     </span>
    </p>

    <p class='ocr_par' dir='ltr' id='par_1_19' title="bbox 264 3230 1259 3622">
     <span class='ocr_line' id='line_1_28' title="bbox 264 3230 1238 3317; baseline 0.001 -22"><span class='ocrx_word' id='word_1_185' title='bbox 264 3233 341 3316; x_wconf 30' lang='lat' dir='ltr'>,Fiet</span> <span class='ocrx_word' id='word_1_186' title='bbox 355 3255 439 3317; x_wconf 86' lang='lat' dir='ltr'>aper,</span> <span class='ocrx_word' id='word_1_187' title='bbox 456 3233 547 3295; x_wconf 89' lang='lat' dir='ltr'>modo</span> <span class='ocrx_word' id='word_1_188' title='bbox 561 3231 638 3310; x_wconf 88' lang='lat' dir='ltr'>avis,</span> <span class='ocrx_word' id='word_1_189' title='bbox 653 3230 744 3293; x_wconf 91' lang='lat' dir='ltr'>modo</span> <span class='ocrx_word' id='word_1_190' title='bbox 759 3250 880 3307; x_wconf 84' lang='lat' dir='ltr'>saxum,</span> <span class='ocrx_word' id='word_1_191' title='bbox 896 3245 927 3293; x_wconf 88' lang='lat' dir='ltr'>et</span> <span class='ocrx_word' id='word_1_192' title='bbox 943 3253 1012 3294; x_wconf 90' lang='lat' dir='ltr'>cum</span> <span class='ocrx_word' id='word_1_193' title='bbox 1029 3232 1123 3309; x_wconf 87' lang='lat' dir='ltr'>volet,</span> <span class='ocrx_word' id='word_1_194' title='bbox 1139 3234 1238 3296; x_wconf 87' lang='lat' dir='ltr'>arbor.</span> 
     </span>
     <span class='ocr_line' id='line_1_29' title="bbox 268 3331 1160 3418; baseline 0.001 -21"><span class='ocrx_word' id='word_1_195' title='bbox 268 3335 301 3397; x_wconf 89' lang='lat' dir='ltr'>Si</span> <span class='ocrx_word' id='word_1_196' title='bbox 317 3335 397 3398; x_wconf 88' lang='lat' dir='ltr'>male</span> <span class='ocrx_word' id='word_1_197' title='bbox 411 3357 475 3397; x_wconf 87' lang='lat' dir='ltr'>rem</span> <span class='ocrx_word' id='word_1_198' title='bbox 492 3356 608 3418; x_wconf 86' lang='lat' dir='ltr'>gerere,</span> <span class='ocrx_word' id='word_1_199' title='bbox 624 3331 723 3394; x_wconf 90' lang='lat' dir='ltr'>insani</span> <span class='ocrx_word' id='word_1_200' title='bbox 739 3337 807 3402; x_wconf 59' lang='lat' dir='ltr'>est}</span> <span class='ocrx_word' id='word_1_201' title='bbox 831 3346 948 3409; x_wconf 90' lang='lat' dir='ltr'>contra,</span> <span class='ocrx_word' id='word_1_202' title='bbox 964 3335 1053 3412; x_wconf 87' lang='lat' dir='ltr'>bene,</span> <span class='ocrx_word' id='word_1_203' title='bbox 1070 3335 1136 3398; x_wconf 90' lang='lat' dir='ltr'>sani</span> <span class='ocrx_word' id='word_1_204' title='bbox 1150 3360 1160 3407; x_wconf 70' lang='grc' dir='ltr'><strong>ς</strong></span> 
     </span>
     <span class='ocr_line' id='line_1_30' title="bbox 265 3431 1259 3517; baseline 0.002 -18"><span class='ocrx_word' id='word_1_205' title='bbox 265 3435 412 3499; x_wconf 88' lang='lat' dir='ltr'>Putidius</span> <span class='ocrx_word' id='word_1_206' title='bbox 427 3436 524 3499; x_wconf 89' lang='lat' dir='ltr'>multo</span> <span class='ocrx_word' id='word_1_207' title='bbox 539 3435 696 3498; x_wconf 89' lang='lat' dir='ltr'>cerebrum</span> <span class='ocrx_word' id='word_1_208' title='bbox 710 3444 757 3496; x_wconf 89' lang='lat' dir='ltr'>est</span> <span class='ocrx_word' id='word_1_209' title='bbox 772 3431 862 3511; x_wconf 73' lang='lat' dir='ltr'>(mihi</span> <span class='ocrx_word' id='word_1_210' title='bbox 877 3434 978 3512; x_wconf 88' lang='lat' dir='ltr'>crede)</span> <span class='ocrx_word' id='word_1_211' title='bbox 996 3436 1116 3512; x_wconf 87' lang='lat' dir='ltr'>Perilli,</span> <span class='ocrx_word' id='word_1_212' title='bbox 1217 3438 1259 3517; x_wconf 83' lang='lat'>75</span> 
     </span>
     <span class='ocr_line' id='line_1_31' title="bbox 264 3533 1058 3622; baseline -0.005 -23"><span class='ocrx_word' id='word_1_213' title='bbox 264 3536 434 3612; x_wconf 78' lang='lat' dir='ltr'>Distentis,</span> <span class='ocrx_word' id='word_1_214' title='bbox 449 3538 532 3622; x_wconf 90' lang='lat' dir='ltr'>quod</span> <span class='ocrx_word' id='word_1_215' title='bbox 548 3550 582 3600; x_wconf 89' lang='lat' dir='ltr'>tu</span> <span class='ocrx_word' id='word_1_216' title='bbox 597 3556 754 3619; x_wconf 86' lang='lat' dir='ltr'>nunquam</span> <span class='ocrx_word' id='word_1_217' title='bbox 770 3533 935 3597; x_wconf 87' lang='lat' dir='ltr'>rescribere</span> <span class='ocrx_word' id='word_1_218' title='bbox 951 3535 1058 3617; x_wconf 89' lang='lat' dir='ltr'>possis.</span> 
     </span>
    </p>

    <p class='ocr_par' dir='ltr' id='par_1_20' title="bbox 264 3636 1093 3823">
     <span class='ocr_line' id='line_1_32' title="bbox 264 3636 1093 3723; baseline 0 -24"><span class='ocrx_word' id='word_1_219' title='bbox 264 3637 396 3714; x_wconf 88' lang='lat' dir='ltr'>Audire,</span> <span class='ocrx_word' id='word_1_220' title='bbox 412 3651 504 3723; x_wconf 87' lang='lat' dir='ltr'>atque</span> <span class='ocrx_word' id='word_1_221' title='bbox 520 3654 622 3722; x_wconf 86' lang='lat' dir='ltr'>togam</span> <span class='ocrx_word' id='word_1_222' title='bbox 634 3637 729 3721; x_wconf 90' lang='lat' dir='ltr'>jubeo</span> <span class='ocrx_word' id='word_1_223' title='bbox 744 3658 938 3720; x_wconf 90' lang='lat' dir='ltr'>componere,</span> <span class='ocrx_word' id='word_1_224' title='bbox 954 3636 1093 3720; x_wconf 89' lang='lat' dir='ltr'>quisquis</span> 
     </span>
     <span class='ocr_line' id='line_1_33' title="bbox 264 3738 983 3823; baseline -0.001 -22"><span class='ocrx_word' id='word_1_225' title='bbox 264 3738 445 3802; x_wconf 86' lang='lat' dir='ltr'>Ambitione</span> <span class='ocrx_word' id='word_1_226' title='bbox 462 3740 542 3803; x_wconf 90' lang='lat' dir='ltr'>mals</span> <span class='ocrx_word' id='word_1_227' title='bbox 556 3753 610 3803; x_wconf 90' lang='lat' dir='ltr'>aut</span> <span class='ocrx_word' id='word_1_228' title='bbox 624 3739 744 3823; x_wconf 83' lang='lat' dir='ltr'>argenti</span> <span class='ocrx_word' id='word_1_229' title='bbox 758 3739 854 3823; x_wconf 90' lang='lat' dir='ltr'>pallet</span> <span class='ocrx_word' id='word_1_230' title='bbox 870 3759 983 3813; x_wconf 88' lang='lat' dir='ltr'>amore,</span> 
     </span>
    </p>

    <p class='ocr_par' dir='ltr' id='par_1_21' title="bbox 262 3840 927 3925">
     <span class='ocr_line' id='line_1_34' title="bbox 262 3840 927 3925; baseline 0 -23"><span class='ocrx_word' id='word_1_231' title='bbox 262 3840 409 3925; x_wconf 84' lang='lat' dir='ltr'>Quisquis</span> <span class='ocrx_word' id='word_1_232' title='bbox 425 3841 548 3904; x_wconf 86' lang='lat' dir='ltr'>luxuria</span> <span class='ocrx_word' id='word_1_233' title='bbox 564 3842 684 3904; x_wconf 87' lang='lat' dir='ltr'>tristive</span> <span class='ocrx_word' id='word_1_234' title='bbox 698 3840 927 3923; x_wconf 88' lang='lat' dir='ltr'>superstitione,</span> 
     </span>
    </p>

    <p class='ocr_par' dir='ltr' id='par_1_22' title="bbox 260 3939 1257 4116">
     <span class='ocr_line' id='line_1_35' title="bbox 260 3939 1257 4022; baseline -0.001 -17"><span class='ocrx_word' id='word_1_235' title='bbox 260 3943 331 4005; x_wconf 86' lang='lat' dir='ltr'>Aut</span> <span class='ocrx_word' id='word_1_236' title='bbox 346 3942 406 4005; x_wconf 89' lang='lat' dir='ltr'>alio</span> <span class='ocrx_word' id='word_1_237' title='bbox 421 3942 532 4005; x_wconf 86' lang='lat' dir='ltr'>mentis</span> <span class='ocrx_word' id='word_1_238' title='bbox 547 3942 654 4004; x_wconf 87' lang='lat' dir='ltr'>morbo</span> <span class='ocrx_word' id='word_1_239' title='bbox 670 3941 768 4012; x_wconf 82' lang='lat' dir='ltr'>calet;</span> <span class='ocrx_word' id='word_1_240' title='bbox 794 3941 856 4003; x_wconf 92' lang='lat' dir='ltr'>huc</span> <span class='ocrx_word' id='word_1_241' title='bbox 871 3939 997 4022; x_wconf 89' lang='lat' dir='ltr'>propius</span> <span class='ocrx_word' id='word_1_242' title='bbox 1014 3961 1073 4014; x_wconf 86' lang='lat' dir='ltr'>mc,</span> <span class='ocrx_word' id='word_1_243' title='bbox 1213 3945 1257 4004; x_wconf 93' lang='lat'>80</span> 
     </span>
     <span class='ocr_line' id='line_1_36' title="bbox 260 4039 1040 4116; baseline -0.008 -10"><span class='ocrx_word' id='word_1_244' title='bbox 260 4045 344 4107; x_wconf 94' lang='lat' dir='ltr'>Dum</span> <span class='ocrx_word' id='word_1_245' title='bbox 361 4044 456 4107; x_wconf 88' lang='lat' dir='ltr'>docco</span> <span class='ocrx_word' id='word_1_246' title='bbox 470 4044 604 4106; x_wconf 86' lang='lat' dir='ltr'>insanire</span> <span class='ocrx_word' id='word_1_247' title='bbox 619 4065 736 4116; x_wconf 89' lang='lat' dir='ltr'>omnes,</span> <span class='ocrx_word' id='word_1_248' title='bbox 753 4062 807 4103; x_wconf 88' lang='lat' dir='ltr'>vos</span> <span class='ocrx_word' id='word_1_249' title='bbox 823 4040 930 4103; x_wconf 92' lang='lat' dir='ltr'>ordine</span> <span class='ocrx_word' id='word_1_250' title='bbox 946 4039 1040 4102; x_wconf 85' lang='lat' dir='ltr'>adite.</span> 
     </span>
    </p>

    <p class='ocr_par' dir='ltr' id='par_1_23' title="bbox 258 4142 1082 4224">
     <span class='ocr_line' id='line_1_37' title="bbox 258 4142 1082 4224; baseline -0.011 -15"><span class='ocrx_word' id='word_1_251' title='bbox 258 4145 372 4209; x_wconf 84' lang='lat' dir='ltr'>Danda</span> <span class='ocrx_word' id='word_1_252' title='bbox 387 4159 432 4208; x_wconf 82' lang='lat' dir='ltr'>est</span> <span class='ocrx_word' id='word_1_253' title='bbox 449 4144 598 4208; x_wconf 85' lang='lat' dir='ltr'>bellcbori</span> <span class='ocrx_word' id='word_1_254' title='bbox 615 4143 712 4206; x_wconf 80' lang='lat' dir='ltr'>rirnlto</span> <span class='ocrx_word' id='word_1_255' title='bbox 728 4164 798 4224; x_wconf 86' lang='lat' dir='ltr'>pars</span> <span class='ocrx_word' id='word_1_256' title='bbox 814 4142 948 4204; x_wconf 88' lang='lat' dir='ltr'>maxima</span> <span class='ocrx_word' id='word_1_257' title='bbox 963 4142 1082 4205; x_wconf 84' lang='lat' dir='ltr'>araris:</span> 
     </span>
    </p>
   </div>
   <div class='ocr_carea' id='block_1_3' title="bbox 0 0 1440 5010">
    <p class='ocr_par' dir='ltr' id='par_1_24' title="bbox 0 0 1440 5010">
     <span class='ocr_line' id='line_1_38' title="bbox 0 0 1440 5010; baseline 0 5"><span class='ocrx_word' id='word_1_258' title='bbox 0 0 1440 5010; x_wconf 95' lang='lat' dir='ltr'> </span> 
     </span>
    </p>
   </div>
  </div>
 </body>
</html>
