2872 5010
565 512 597 554 Q·
621 507 768 550 noterit
793 507 918 550 metr

334 661 481 743 sylvane,
498 673 582 721 tutor
594 657 704 720 finium
716 661 724 720 !

291 763 388 826 Libet
397 763 502 846 jecere
516 760 609 824 modo
623 761 681 824 sub
695 759 824 844 antique
839 759 921 836 ilios,

335 863 435 925 Modo
449 863 481 924 in
498 862 598 924 tenaci
614 862 764 944 gramine.

291 967 457 1030 Labuntur
471 965 543 1028 ultis
558 965 680 1027 interim
697 964 773 1047 ripis
788 985 896 1048 squae3

334 1068 515 1144 Queruntur
530 1065 560 1127 in
577 1065 673 1148 sylris
688 1088 780 1137 πως

292 1172 469 1251 Fontesque
483 1165 620 1250 lymphis
635 1167 820 1250 obstrepunt
835 1171 1043 1248 manentibus,

335 1274 466 1334 Somnos
480 1269 564 1353 quod
578 1269 690 1332 invitet
705 1268 799 1333 leves.

294 1377 340 1436 At
354 1395 423 1436 curn
441 1372 577 1435 tonantis
592 1393 692 1435 annus
706 1371 855 1436 bibemus
868 1374 964 1436 Jovis

336 1475 456 1537 Imbres
471 1473 619 1557 nivesque
634 1490 801 1558 comperet,

293 1580 362 1639 Aut
376 1576 475 1640 trudit
489 1598 573 1638 acres
587 1575 662 1638 binc
676 1592 707 1640 et
722 1575 795 1640 hinc
810 1579 909 1643 mults
923 1600 999 1642 esne

334 1682 436 1763 Apros
451 1679 483 1740 in
499 1678 657 1741 obstantes
671 1677 800 1762 plagas3

293 1785 359 1845 Aut
373 1781 467 1845 amite
482 1781 542 1843 levi
558 1802 626 1843 rars
642 1780 742 1843 tendit
757 1783 844 1857 retis,

336 1883 456 1947 Turdis
471 1882 617 1945 edacibus
631 1882 737 1954 dolos;

293 1985 509 2066 Pieridumque
523 1983 669 2066 leporem,
685 1999 717 2045 et
731 1985 882 2047 advenam
899 1986 1009 2070 laqueo
1023 2006 1143 2070 gruem,
1200 1987 1248 2049 3⁵

334 2086 358 2148 J
359 2084 484 2149 ncunds
497 2098 602 2168 captet
616 2085 753 2168 praemia.

293 2189 372 2268 Quis
386 2209 448 2252 non
464 2188 625 2262 malarum,
641 2209 717 2272 quas
732 2210 817 2252 amor
832 2212 921 2254 cums
936 2191 1041 2269 hebet,

336 2292 418 2356 Haeo
432 2292 514 2355 inter
529 2290 746 2354 obliviscitur?

293 2395 386 2474 Quod
401 2395 427 2457 si
442 2394 556 2478 pudica
571 2394 682 2457 mulier
694 2394 724 2456 in
741 2411 859 2479 purtem
871 2395 964 2478 juvet

336 2497 474 2560 Domum
491 2509 584 2580 etque
598 2495 705 2559 dulces
721 2496 846 2575 liberos,

294 2598 426 2675 (Sabine
440 2597 551 2680 qualis,
568 2612 622 2659 snt
636 2613 760 2678 perusta
772 2600 890 2662 solibus

337 2698 477 2762 Pernicis
492 2720 570 2759 uxor
585 2697 727 2779 Appuli,)

292 2802 417 2865 Sacram
434 2799 564 2861 vetustis
579 2811 716 2860 exstruat
732 2797 826 2879 lignis
840 2797 942 2860 focum

336 2899 427 2965 Lassi
442 2899 500 2962 snb
513 2898 680 2962 adventurn
697 2896 773 2957 viri:

293 3002 512 3085 Claudensque
527 2998 620 3062 textis
634 2997 770 3061 cratibus
785 2996 891 3059 laetum
908 3016 1014 3080 pecus,

337 3106 484 3171 Distento
498 3103 591 3167 siccet
606 3102 721 3171 ubers;

293 3213 338 3275 Et
353 3209 451 3272 borne
466 3205 550 3270 dulci
566 3205 639 3268 vius
652 3223 798 3288 promens
812 3200 907 3278 dolio,

336 3313 443 3395 Dopes
457 3309 588 3372 inemtas
603 3319 730 3390 sppsret
739 3329 794 3378 ;-

293 3416 365 3478 Non
382 3435 430 3476 me
447 3410 584 3474 Lucrina
593 3408 734 3493 juverint
748 3406 923 3490 conchylia,

335 3516 479 3599 Megiste
494 3512 651 3588 rhombus,
668 3524 723 3574 aut
736 3510 825 3585 scari,

292 3619 329 3682 si
343 3640 420 3704 quos
436 3617 514 3680 Eois
527 3615 668 3678 intonata
682 3612 828 3677 fluctibns

338 3720 452 3784 Hiems
467 3719 506 3782 od
521 3717 580 3780 hoc
596 3731 696 3780 vertat
710 3738 812 3780 mars:

291 3823 363 3887 Non
379 3821 457 3885 Afra
470 3819 537 3884 svis
551 3818 719 3882 descendat
734 3820 766 3881 in
783 3831 920 3882 ventrem
936 3836 1051 3890 meum,

335 3926 408 3989 Non
424 3936 550 4005 attagen
567 3920 692 3983 Ionicus

290 4029 313 4091 J
316 4026 479 4102 ucundior,
495 4045 586 4110 quarn
602 4022 682 4085 lecta
698 4020 736 4083 de
752 4006 964 4103 pinguissimis

334 4129 428 4193 Oliva
443 4127 536 4192 ramis
552 4126 706 4197 arborum,

290 4237 355 4299 Aut
370 4232 465 4296 herba
480 4227 599 4313 lapathi
614 4239 702 4309 prata
713 4222 855 4298 nutantis,
872 4238 903 4286 et
917 4220 1005 4304 gravi
