2872 5010
489 754 529 819 (l.
551 751 733 812 HORATII
757 750 904 812 FLACCI

332 921 1065 1019 -EPISTOLARUM

506 1126 630 1183 LIBER
650 1125 883 1185 SECUNDUS.

551 1422 789 1487 EPISTOLA
812 1423 841 1486 1.

462 1634 467 1647 ,
560 1590 607 1632 no
630 1588 824 1632 aoousrnn,

197 1723 277 1788 Con
294 1738 340 1791 tot
355 1728 507 1793 sustineas
521 1744 553 1793 et
569 1740 656 1793 tanta
670 1726 794 1811 negotia
809 1725 905 1802 solus,

197 1828 261 1890 Res
279 1830 376 1894 Italas
391 1833 484 1896 armis
499 1832 620 1908 tuteris,
637 1829 772 1892 moribus
786 1849 887 1903 ornes,

197 1928 337 2011 Legibus
352 1935 517 2004 emendes;
542 1933 573 1993 in
590 1929 713 2013 publica
728 1928 889 1991 commoda
904 1947 1040 2009 peccem,

197 2029 232 2092 si
247 2031 339 2114 longo
354 2054 494 2097 sermone
509 2052 608 2095 morer
623 2043 676 2093 tua
691 2043 840 2112 tempora,
857 2030 972 2091 Caesar.

197 2129 362 2212 Romulus,
377 2147 408 2198 et
423 2134 520 2198 Liber
534 2146 633 2219 pater,
648 2143 680 2196 et
694 2151 763 2195 cum
780 2132 909 2195 Castore
924 2131 1051 2210 Pollux,
1174 2143 1195 2202 5

197 2233 275 2297 l‘ost
289 2233 429 2320 ingentia
443 2236 525 2301 facta
540 2237 680 2300 Deorum
696 2234 728 2297 in
745 2234 861 2318 templa
874 2235 1002 2319 recepti,

197 2334 282 2398 Dum
300 2350 395 2402 terras
409 2338 631 2423 hominumque
646 2336 752 2401 colunt
766 2356 876 2419 genus,
892 2357 999 2420 aspera
1013 2337 1095 2403 bella

197 2438 409 2522 Componunt,
424 2463 514 2524 agros
529 2441 698 2524 assignant,
713 2437 828 2522 oppida
841 2438 999 2509 condunt;

197 2539 362 2606 Ploravere
377 2544 441 2607 suis
456 2566 517 2607 nou
533 2543 717 2628 respondere
730 2540 866 2604 favorem

196 2642 360 2723 Speratum
376 2646 511 2709 meritis:
537 2647 635 2710 diram
650 2645 704 2729 qui
719 2641 861 2707 contudit
876 2643 1032 2726 Hydram,
1151 2647 1193 2707 10

196 2743 339 2826 Notaque
354 2745 440 2808 fatali
455 2761 598 2829 portenta
612 2748 715 2811 labore
730 2744 863 2829 subegit,

194 2843 355 2925 Comperit
366 2845 515 2909 invidiam
532 2869 675 2928 supremo
689 2847 750 2908 fine
765 2846 893 2909 domari.

194 2943 269 3007 Urit
283 2945 365 3008 euim
379 2945 500 3030 fulgore
515 2968 582 3022 suo,
597 2944 651 3029 qui
666 2960 840 3028 pregravat
855 2960 936 3010 artes

195 3046 282 3112 Infra
297 3071 329 3112 se
344 3049 476 3134 positas:
500 3047 657 3114 extinctus
671 3047 823 3111 antobitur
837 3047 929 3111 idem.

195 3150 346 3216 Praesenti
362 3154 418 3217 tibi
433 3166 569 3217 maturos
584 3153 732 3236 largimur
745 3149 886 3227 honores,

192 3254 216 3313 J
219 3255 411 3337 urandasque
427 3270 514 3318 tuum
531 3276 584 3337 per
599 3276 710 3316 nomen
727 3253 869 3336 ponimus
885 3273 963 3329 aras,

193 3352 249 3415 Nil
264 3354 413 3417 oriturum
430 3355 516 3432 alias,
532 3355 577 3417 nil
591 3367 692 3418 ortum
709 3355 771 3417 tale
784 3355 928 3418 fatentes.

194 3453 256 3516 Sed
270 3467 343 3518 tuus
357 3455 416 3522 hoe
430 3457 564 3543 populus
580 3456 701 3539 sapiens
717 3468 747 3519 et
758 3455 863 3540 justus
880 3456 912 3518 in
929 3478 1002 3530 uno,

193 3557 244 3621 Te
259 3560 370 3625 nostris
386 3561 527 3640 ducibus,
544 3575 575 3626 te
591 3561 696 3626 Graiis
711 3558 918 3635 anteferenda,

193 3663 317 3728 Caetera
331 3688 525 3752 nequaquam
540 3665 633 3730 simili
648 3665 768 3731 ratione
783 3664 933 3745 modoqre

193 3762 363 3840 AEstimat;
388 3783 430 3844 et,
447 3769 506 3831 nisi
520 3790 589 3852 quat
606 3767 694 3831 terris
710 3778 826 3830 semota
840 3763 962 3846 suisque

193 3867 402 3950 Temporibus
416 3869 563 3931 defuncta
578 3870 672 3941 videt,
688 3867 808 3928 fastidit
823 3880 854 3928 et
869 3864 948 3926 odit:

192 3967 244 4030 Sic
259 3968 360 4032 fautor
375 3984 524 4044 veterum,
540 3983 575 4030 ut
590 3967 709 4029 tabulas
723 3987 849 4047 peccare
864 3976 1013 4039 vetantes,

191 4071 276 4145 Quas
291 4072 338 4133 bis
353 4073 488 4157 quinque
503 4071 560 4133 viri
574 4078 751 4141 sanxerunt,
766 4066 883 4129 foedera
897 4088 1003 4149 regum

192 4173 250 4235 Vel
264 4175 375 4239 Gabiis
391 4177 440 4240 vel
455 4197 524 4240 curn
541 4171 648 4256 rigidis
663 4181 783 4252 aquata
800 4168 933 4242 Sabinis,
1141 4170 1184 4230 25
