2872 5010
446 495 636 541 coturnum
664 496 731 540 nm.
755 497 793 540 11.
816 480 847 540 5.
870 474 899 540 6.

493 646 589 711 ODE
613 647 650 710 V.
699 643 750 723 (n.
768 639 851 730 ω’.)

221 795 376 859 Nonnum
392 797 521 862 subacta
533 797 612 862 ferre
622 798 735 883 jugum
751 794 833 862 valet

220 894 363 975 Cerviee,
379 900 516 963 nondum
532 901 638 966 munia
653 900 803 984 comparis

265 999 417 1084 AEquare,
431 1021 489 1064 nec
504 999 584 1065 tauri
598 1001 715 1066 ruentis

309 1102 350 1164 ln
368 1104 517 1167 Venerem
533 1102 662 1167 tolerare
675 1103 805 1188 pondus

222 1202 317 1266 Circa
332 1203 464 1268 virentes
479 1217 526 1268 est
540 1203 660 1269 animus
676 1217 738 1269 tuas

222 1306 359 1387 Campos
368 1304 525 1388 juvencae,
540 1328 622 1371 nune
637 1302 741 1370 fluviis
754 1326 879 1390 gravem

268 1405 403 1469 Solantia
424 1420 546 1484 aestum,
560 1429 644 1472 nune
658 1408 691 1471 in
705 1409 768 1471 udo

312 1506 437 1571 Ludere
451 1529 522 1571 cum
537 1506 644 1570 vitulis
661 1506 769 1571 salicto

227 1607 479 1691 Praegestientis:
505 1598 579 1673 tolle
594 1607 771 1693 cupidinem

229 1709 364 1774 Immitis
378 1732 469 1785 uvae;
488 1711 557 1795 jam
572 1710 629 1776 tibi
644 1709 756 1774 lividos

272 1811 455 1897 Distinguet
476 1823 644 1876 autumnus
658 1830 793 1875 racemos

314 1913 476 1998 Purpureo
490 1911 593 1978 varius
608 1913 718 1977 colore.

225 2019 252 2079 J
255 2037 303 2081 am
319 2026 351 2080 te
365 2029 520 2101 sequetur,
534 2013 644 2092 (currit
660 2013 742 2078 enim
757 2012 843 2079 ferox

233 2116 349 2192 AEtas;
374 2129 405 2182 et
420 2117 478 2196 illi,
493 2138 570 2202 quos
586 2115 644 2181 tibi
658 2116 837 2202 dempserit,

272 2220 423 2302 Apponet
438 2221 563 2300 annos)
570 2218 643 2302 jam
657 2230 801 2301 proterve

318 2320 436 2383 Fronte
450 2329 535 2402 petet
550 2318 670 2401 Lalage
684 2315 848 2392 maritum

235 2419 361 2484 Dilecta
374 2432 525 2504 quantum
540 2441 602 2483 non
619 2419 739 2484 Pholoe
752 2419 860 2514 fugax,
920 2494 922 2499 ¹

235 2525 309 2588 Non
324 2521 468 2587 Chloris:
494 2522 564 2586 albo
579 2521 624 2585 sic
638 2520 767 2585 humero
781 2521 894 2600 nitens,

277 2625 326 2689 Ut
340 2646 419 2708 pura
433 2635 583 2688 nocturno
598 2621 718 2687 renidet

322 2726 416 2789 Luna
430 2724 519 2802 mari,
536 2723 708 2789 Cnidiusve
724 2726 851 2810 Gygese

234 2831 336 2908 Quem
352 2828 378 2891 si
392 2826 565 2912 puellarum
580 2826 728 2890 insereres
743 2825 847 2919 choro,

237 2930 323 2994 Mira
337 2950 461 3013 sagaces
475 2928 595 2993 falleret
610 2927 747 3013 hospites

280 3030 455 3094 Discrimen
470 3030 644 3106 obscurum,
660 3027 769 3094 solutis
883 3058 884 3062 ¹

322 3132 480 3209 Crinibus,
497 3131 701 3215 ambiguoque
715 3129 815 3195 vultu.
859 3170 871 3181 -·

487 3463 583 3532 ODE
608 3467 666 3531 VI.
712 3469 765 3549 (u.
781 3471 898 3549 xvim.)

558 3639 605 3682 An
629 3638 834 3682 servulum.

242 3769 405 3847 Sserrur,
422 3768 530 3834 Gades
544 3767 665 3832 aditure
680 3786 812 3847 meeum,
827 3781 859 3833 et

244 3870 434 3934 Cantabrum
450 3868 609 3932 indoctum
619 3869 699 3954 juga
712 3867 792 3935 ferre
805 3884 920 3949 nostra,
935 3885 966 3936 et

244 3971 397 4035 Barbarae
414 3973 531 4055 Syrtes,
547 3970 601 4034 ubi
615 3971 729 4038 Maura
744 3992 863 4057 semper

375 4074 503 4138 AEstuat
516 4073 601 4138 unda
611 4093 621 4148 3

242 4169 349 4238 Tibur
363 4176 471 4259 Argeo
484 4176 618 4261 positum
635 4175 743 4242 colono
