<?xml version="1.0" encoding="UTF-8"?>
<!DOCTYPE html PUBLIC "-//W3C//DTD XHTML 1.0 Transitional//EN"
    "http://www.w3.org/TR/xhtml1/DTD/xhtml1-transitional.dtd">
<html xmlns="http://www.w3.org/1999/xhtml" xml:lang="en" lang="en">
 <head>
  <title>
</title>
<meta http-equiv="Content-Type" content="text/html;charset=utf-8" />
  <meta name='ocr-system' content='tesseract 3.04.00' />
  <meta name='ocr-capabilities' content='ocr_page ocr_carea ocr_par ocr_line ocrx_word'/>
</head>
<body>
  <div class='ocr_page' id='page_1' title='image "./horatiusrestitu00tategoog_0272.png"; bbox 0 0 2872 5010; ppageno 0'>
   <div class='ocr_carea' id='block_1_1' title="bbox 511 464 1216 547">
    <p class='ocr_par' dir='ltr' id='par_1_1' title="bbox 511 464 1216 547">
     <span class='ocr_line' id='line_1_1' title="bbox 511 464 1216 547; baseline -0.016 -12"><span class='ocrx_word' id='word_1_1' title='bbox 511 489 702 535; x_wconf 77' lang='lat' dir='ltr'>sunuouuu</span> <span class='ocrx_word' id='word_1_2' title='bbox 727 488 795 530; x_wconf 80' lang='grc' dir='ltr'><strong>ιιι.</strong></span> <span class='ocrx_word' id='word_1_3' title='bbox 819 489 858 531; x_wconf 92' lang='grc' dir='ltr'>ιι.</span> <span class='ocrx_word' id='word_1_4' title='bbox 881 469 913 530; x_wconf 75' lang='lat'>2.</span> <span class='ocrx_word' id='word_1_5' title='bbox 1171 464 1216 547; x_wconf 81' lang='lat'>37</span> 
     </span>
    </p>
   </div>
   <div class='ocr_carea' id='block_1_2' title="bbox 215 638 1213 4269">
    <p class='ocr_par' dir='ltr' id='par_1_2' title="bbox 217 638 1213 831">
     <span class='ocr_line' id='line_1_2' title="bbox 217 638 1213 723; baseline -0.005 -17"><span class='ocrx_word' id='word_1_6' title='bbox 217 643 320 723; x_wconf 83' lang='lat' dir='ltr'>Alter,</span> <span class='ocrx_word' id='word_1_7' title='bbox 335 641 390 707; x_wconf 93' lang='lat' dir='ltr'>ubi</span> <span class='ocrx_word' id='word_1_8' title='bbox 405 641 489 706; x_wconf 91' lang='lat' dir='ltr'>dicto</span> <span class='ocrx_word' id='word_1_9' title='bbox 505 641 596 705; x_wconf 91' lang='lat' dir='ltr'>citius</span> <span class='ocrx_word' id='word_1_10' title='bbox 611 651 718 705; x_wconf 85' lang='lat' dir='ltr'>curata</span> <span class='ocrx_word' id='word_1_11' title='bbox 732 638 834 723; x_wconf 91' lang='lat' dir='ltr'>sopori</span> <span class='ocrx_word' id='word_1_12' title='bbox 1169 639 1213 701; x_wconf 83' lang='lat'>80</span> 
     </span>
     <span class='ocr_line' id='line_1_3' title="bbox 217 739 1126 831; baseline -0.003 -25"><span class='ocrx_word' id='word_1_13' title='bbox 217 743 364 807; x_wconf 84' lang='lat' dir='ltr'>Membra</span> <span class='ocrx_word' id='word_1_14' title='bbox 377 743 476 821; x_wconf 85' lang='lat' dir='ltr'><strong>dedit,</strong></span> <span class='ocrx_word' id='word_1_15' title='bbox 491 755 620 826; x_wconf 84' lang='lat' dir='ltr'>vegetus</span> <span class='ocrx_word' id='word_1_16' title='bbox 634 741 814 827; x_wconf 84' lang='lat' dir='ltr'>praescripta</span> <span class='ocrx_word' id='word_1_17' title='bbox 829 741 869 804; x_wconf 88' lang='lat' dir='ltr'>ad</span> <span class='ocrx_word' id='word_1_18' title='bbox 891 739 997 831; x_wconf 85' lang='lat' dir='ltr'>munia</span> <span class='ocrx_word' id='word_1_19' title='bbox 1018 739 1126 825; x_wconf 79' lang='lat' dir='ltr'>surgit.</span> 
     </span>
    </p>

    <p class='ocr_par' dir='ltr' id='par_1_3' title="bbox 217 842 1126 1017">
     <span class='ocr_line' id='line_1_4' title="bbox 217 842 1126 928; baseline -0.003 -20"><span class='ocrx_word' id='word_1_20' title='bbox 217 845 283 910; x_wconf 92' lang='lat' dir='ltr'>Hic</span> <span class='ocrx_word' id='word_1_21' title='bbox 298 860 401 910; x_wconf 89' lang='lat' dir='ltr'>tamen</span> <span class='ocrx_word' id='word_1_22' title='bbox 416 846 456 910; x_wconf 85' lang='lat' dir='ltr'>sd</span> <span class='ocrx_word' id='word_1_23' title='bbox 471 844 583 910; x_wconf 89' lang='lat' dir='ltr'>melius</span> <span class='ocrx_word' id='word_1_24' title='bbox 597 844 712 928; x_wconf 89' lang='lat' dir='ltr'>poterit</span> <span class='ocrx_word' id='word_1_25' title='bbox 728 856 935 907; x_wconf 76' lang='lat' dir='ltr'>transcurrere</span> <span class='ocrx_word' id='word_1_26' title='bbox 950 842 1126 927; x_wconf 89' lang='lat' dir='ltr'>quondam:</span> 
     </span>
     <span class='ocr_line' id='line_1_5' title="bbox 218 944 962 1017; baseline -0.005 -6"><span class='ocrx_word' id='word_1_27' title='bbox 218 947 291 1012; x_wconf 88' lang='lat' dir='ltr'>Sive</span> <span class='ocrx_word' id='word_1_28' title='bbox 305 948 386 1012; x_wconf 89' lang='lat' dir='ltr'>diem</span> <span class='ocrx_word' id='word_1_29' title='bbox 402 947 515 1011; x_wconf 87' lang='lat' dir='ltr'>festum</span> <span class='ocrx_word' id='word_1_30' title='bbox 531 945 653 1011; x_wconf 89' lang='lat' dir='ltr'>rediens</span> <span class='ocrx_word' id='word_1_31' title='bbox 668 944 833 1009; x_wconf 87' lang='lat' dir='ltr'>adduxerit</span> <span class='ocrx_word' id='word_1_32' title='bbox 844 966 962 1017; x_wconf 80' lang='lat' dir='ltr'>annus3</span> 
     </span>
    </p>

    <p class='ocr_par' dir='ltr' id='par_1_4' title="bbox 218 1046 1006 1131">
     <span class='ocr_line' id='line_1_6' title="bbox 218 1046 1006 1131; baseline -0.003 -19"><span class='ocrx_word' id='word_1_33' title='bbox 218 1050 280 1112; x_wconf 91' lang='lat' dir='ltr'>Seu</span> <span class='ocrx_word' id='word_1_34' title='bbox 294 1070 430 1112; x_wconf 89' lang='lat' dir='ltr'>recreare</span> <span class='ocrx_word' id='word_1_35' title='bbox 444 1049 528 1112; x_wconf 85' lang='lat' dir='ltr'>volet</span> <span class='ocrx_word' id='word_1_36' title='bbox 542 1060 704 1110; x_wconf 91' lang='lat' dir='ltr'>tenuatum</span> <span class='ocrx_word' id='word_1_37' title='bbox 721 1049 851 1131; x_wconf 75' lang='lat' dir='ltr'>corpus3</span> <span class='ocrx_word' id='word_1_38' title='bbox 869 1046 930 1125; x_wconf 90' lang='lat' dir='ltr'>ubi</span> <span class='ocrx_word' id='word_1_39' title='bbox 946 1068 1006 1131; x_wconf 89' lang='lat' dir='ltr'>que</span> 
     </span>
    </p>

    <p class='ocr_par' dir='ltr' id='par_1_5' title="bbox 216 1147 1211 1333">
     <span class='ocr_line' id='line_1_7' title="bbox 216 1147 1211 1227; baseline 0 -16"><span class='ocrx_word' id='word_1_40' title='bbox 216 1150 374 1214; x_wconf 83' lang='lat' dir='ltr'>Accedent</span> <span class='ocrx_word' id='word_1_41' title='bbox 388 1149 473 1227; x_wconf 88' lang='lat' dir='ltr'>anni,</span> <span class='ocrx_word' id='word_1_42' title='bbox 489 1163 520 1213; x_wconf 91' lang='lat' dir='ltr'>et</span> <span class='ocrx_word' id='word_1_43' title='bbox 536 1148 659 1212; x_wconf 88' lang='lat' dir='ltr'>tractari</span> <span class='ocrx_word' id='word_1_44' title='bbox 674 1148 798 1211; x_wconf 89' lang='lat' dir='ltr'>mollius</span> <span class='ocrx_word' id='word_1_45' title='bbox 814 1161 889 1211; x_wconf 85' lang='lat' dir='ltr'>aetas</span> <span class='ocrx_word' id='word_1_46' title='bbox 1168 1147 1211 1211; x_wconf 77' lang='lat'>86</span> 
     </span>
     <span class='ocr_line' id='line_1_8' title="bbox 217 1249 1048 1333; baseline -0.001 -19"><span class='ocrx_word' id='word_1_47' title='bbox 217 1250 378 1314; x_wconf 89' lang='lat' dir='ltr'>Imbecilla</span> <span class='ocrx_word' id='word_1_48' title='bbox 392 1250 492 1315; x_wconf 84' lang='lat' dir='ltr'>volet:</span> <span class='ocrx_word' id='word_1_49' title='bbox 517 1249 572 1313; x_wconf 86' lang='lat' dir='ltr'>tibi</span> <span class='ocrx_word' id='word_1_50' title='bbox 587 1250 734 1333; x_wconf 81' lang='lat' dir='ltr'><strong>quidnam</strong></span> <span class='ocrx_word' id='word_1_51' title='bbox 750 1250 876 1313; x_wconf 84' lang='lat' dir='ltr'>accedet</span> <span class='ocrx_word' id='word_1_52' title='bbox 890 1250 931 1313; x_wconf 88' lang='lat' dir='ltr'>ad</span> <span class='ocrx_word' id='word_1_53' title='bbox 945 1249 1048 1326; x_wconf 89' lang='lat' dir='ltr'>istam,</span> 
     </span>
    </p>

    <p class='ocr_par' dir='ltr' id='par_1_6' title="bbox 216 1350 1052 1438">
     <span class='ocr_line' id='line_1_9' title="bbox 216 1350 1052 1438; baseline -0.001 -21"><span class='ocrx_word' id='word_1_54' title='bbox 216 1354 316 1429; x_wconf 84' lang='lat' dir='ltr'>Quam</span> <span class='ocrx_word' id='word_1_55' title='bbox 332 1375 410 1438; x_wconf 89' lang='lat' dir='ltr'>puer</span> <span class='ocrx_word' id='word_1_56' title='bbox 424 1367 455 1415; x_wconf 91' lang='lat' dir='ltr'>et</span> <span class='ocrx_word' id='word_1_57' title='bbox 471 1350 592 1415; x_wconf 86' lang='lat' dir='ltr'>validus</span> <span class='ocrx_word' id='word_1_58' title='bbox 606 1350 778 1435; x_wconf 82' lang='lat' dir='ltr'>praesumis,</span> <span class='ocrx_word' id='word_1_59' title='bbox 794 1350 973 1425; x_wconf 86' lang='lat' dir='ltr'>mollitiem:</span> <span class='ocrx_word' id='word_1_60' title='bbox 997 1374 1052 1416; x_wconf 90' lang='lat' dir='ltr'>seu</span> 
     </span>
    </p>

    <p class='ocr_par' dir='ltr' id='par_1_7' title="bbox 216 1449 990 1529">
     <span class='ocr_line' id='line_1_10' title="bbox 216 1449 990 1529; baseline -0.003 -14"><span class='ocrx_word' id='word_1_61' title='bbox 216 1454 305 1518; x_wconf 84' lang='lat' dir='ltr'>Dura</span> <span class='ocrx_word' id='word_1_62' title='bbox 320 1453 467 1517; x_wconf 82' lang='lat' dir='ltr'>valetudo</span> <span class='ocrx_word' id='word_1_63' title='bbox 480 1452 635 1529; x_wconf 88' lang='lat' dir='ltr'>inciderit,</span> <span class='ocrx_word' id='word_1_64' title='bbox 652 1475 705 1515; x_wconf 90' lang='lat' dir='ltr'>seu</span> <span class='ocrx_word' id='word_1_65' title='bbox 722 1453 811 1515; x_wconf 88' lang='lat' dir='ltr'>tarda</span> <span class='ocrx_word' id='word_1_66' title='bbox 825 1449 990 1516; x_wconf 81' lang='lat' dir='ltr'>senectus?</span> 
     </span>
    </p>

    <p class='ocr_par' dir='ltr' id='par_1_8' title="bbox 216 1553 1120 1638">
     <span class='ocr_line' id='line_1_11' title="bbox 216 1553 1120 1638; baseline 0 -22"><span class='ocrx_word' id='word_1_67' title='bbox 216 1554 392 1617; x_wconf 90' lang='lat' dir='ltr'>Rancidum</span> <span class='ocrx_word' id='word_1_68' title='bbox 409 1575 517 1637; x_wconf 89' lang='lat' dir='ltr'>aprum</span> <span class='ocrx_word' id='word_1_69' title='bbox 534 1553 652 1637; x_wconf 82' lang='lat' dir='ltr'>antiqui</span> <span class='ocrx_word' id='word_1_70' title='bbox 667 1553 848 1630; x_wconf 87' lang='lat' dir='ltr'>laudabant,</span> <span class='ocrx_word' id='word_1_71' title='bbox 863 1575 925 1616; x_wconf 91' lang='lat' dir='ltr'>non</span> <span class='ocrx_word' id='word_1_72' title='bbox 939 1553 1013 1638; x_wconf 91' lang='lat' dir='ltr'>quia</span> <span class='ocrx_word' id='word_1_73' title='bbox 1027 1574 1120 1617; x_wconf 87' lang='lat' dir='ltr'>nasus</span> 
     </span>
    </p>

    <p class='ocr_par' dir='ltr' id='par_1_9' title="bbox 217 1651 1210 1840">
     <span class='ocr_line' id='line_1_12' title="bbox 217 1651 1210 1739; baseline 0 -22"><span class='ocrx_word' id='word_1_74' title='bbox 217 1654 287 1717; x_wconf 91' lang='lat' dir='ltr'>Illis</span> <span class='ocrx_word' id='word_1_75' title='bbox 302 1654 407 1718; x_wconf 90' lang='lat' dir='ltr'>nullus</span> <span class='ocrx_word' id='word_1_76' title='bbox 421 1666 497 1726; x_wconf 86' lang='lat' dir='ltr'>erat,</span> <span class='ocrx_word' id='word_1_77' title='bbox 514 1654 579 1728; x_wconf 75' lang='lat' dir='ltr'>sed,</span> <span class='ocrx_word' id='word_1_78' title='bbox 595 1653 697 1730; x_wconf 89' lang='lat' dir='ltr'>credo,</span> <span class='ocrx_word' id='word_1_79' title='bbox 712 1651 772 1716; x_wconf 89' lang='lat' dir='ltr'>hac</span> <span class='ocrx_word' id='word_1_80' title='bbox 787 1666 902 1729; x_wconf 88' lang='lat' dir='ltr'>mente,</span> <span class='ocrx_word' id='word_1_81' title='bbox 916 1655 1000 1739; x_wconf 90' lang='lat' dir='ltr'>quod</span> <span class='ocrx_word' id='word_1_82' title='bbox 1015 1654 1127 1739; x_wconf 89' lang='lat' dir='ltr'>hospes</span> <span class='ocrx_word' id='word_1_83' title='bbox 1167 1657 1210 1724; x_wconf 88' lang='grc'>90</span> 
     </span>
     <span class='ocr_line' id='line_1_13' title="bbox 217 1753 1020 1840; baseline -0.002 -20"><span class='ocrx_word' id='word_1_84' title='bbox 217 1756 355 1820; x_wconf 81' lang='lat' dir='ltr'>Tardius</span> <span class='ocrx_word' id='word_1_85' title='bbox 370 1755 537 1818; x_wconf 87' lang='lat' dir='ltr'>adveniens</span> <span class='ocrx_word' id='word_1_86' title='bbox 553 1753 695 1817; x_wconf 89' lang='lat' dir='ltr'>vitiatum</span> <span class='ocrx_word' id='word_1_87' title='bbox 711 1755 913 1832; x_wconf 82' lang='lat' dir='ltr'>commodius,</span> <span class='ocrx_word' id='word_1_88' title='bbox 928 1759 1020 1840; x_wconf 88' lang='lat' dir='ltr'>quam</span> 
     </span>
    </p>

    <p class='ocr_par' dir='ltr' id='par_1_10' title="bbox 217 1856 1197 2042">
     <span class='ocr_line' id='line_1_14' title="bbox 218 1856 1197 1942; baseline -0.001 -22"><span class='ocrx_word' id='word_1_89' title='bbox 218 1858 380 1942; x_wconf 86' lang='lat' dir='ltr'>Integrum</span> <span class='ocrx_word' id='word_1_90' title='bbox 396 1857 474 1920; x_wconf 84' lang='lat' dir='ltr'>edax</span> <span class='ocrx_word' id='word_1_91' title='bbox 490 1856 633 1919; x_wconf 88' lang='lat' dir='ltr'>dominus</span> <span class='ocrx_word' id='word_1_92' title='bbox 648 1869 851 1919; x_wconf 82' lang='lat' dir='ltr'>consumeret.</span> <span class='ocrx_word' id='word_1_93' title='bbox 896 1857 966 1920; x_wconf 89' lang='lat' dir='ltr'>Hos</span> <span class='ocrx_word' id='word_1_94' title='bbox 981 1856 1101 1920; x_wconf 88' lang='lat' dir='ltr'>utinam</span> <span class='ocrx_word' id='word_1_95' title='bbox 1115 1856 1197 1919; x_wconf 88' lang='lat' dir='ltr'>inter</span> 
     </span>
     <span class='ocr_line' id='line_1_15' title="bbox 217 1957 924 2042; baseline 0.003 -22"><span class='ocrx_word' id='word_1_96' title='bbox 217 1958 339 2022; x_wconf 90' lang='lat' dir='ltr'>Heroas</span> <span class='ocrx_word' id='word_1_97' title='bbox 354 1972 461 2021; x_wconf 88' lang='lat' dir='ltr'>natum</span> <span class='ocrx_word' id='word_1_98' title='bbox 478 1957 589 2022; x_wconf 87' lang='lat' dir='ltr'>Tellus</span> <span class='ocrx_word' id='word_1_99' title='bbox 605 1978 654 2020; x_wconf 89' lang='lat' dir='ltr'>me</span> <span class='ocrx_word' id='word_1_100' title='bbox 669 1957 769 2042; x_wconf 89' lang='lat' dir='ltr'>prima</span> <span class='ocrx_word' id='word_1_101' title='bbox 783 1957 924 2022; x_wconf 88' lang='lat' dir='ltr'>tulisset!</span> 
     </span>
    </p>

    <p class='ocr_par' dir='ltr' id='par_1_11' title="bbox 217 2059 1017 2145">
     <span class='ocr_line' id='line_1_16' title="bbox 217 2059 1017 2145; baseline -0.001 -22"><span class='ocrx_word' id='word_1_102' title='bbox 217 2060 283 2123; x_wconf 91' lang='lat' dir='ltr'>Das</span> <span class='ocrx_word' id='word_1_103' title='bbox 298 2060 416 2145; x_wconf 86' lang='lat' dir='ltr'>aliquid</span> <span class='ocrx_word' id='word_1_104' title='bbox 430 2061 533 2136; x_wconf 85' lang='lat' dir='ltr'>famae,</span> <span class='ocrx_word' id='word_1_105' title='bbox 548 2082 619 2145; x_wconf 84' lang='lat' dir='ltr'>quae</span> <span class='ocrx_word' id='word_1_106' title='bbox 633 2059 768 2124; x_wconf 89' lang='lat' dir='ltr'>carmine</span> <span class='ocrx_word' id='word_1_107' title='bbox 782 2060 899 2144; x_wconf 79' lang='lat' dir='ltr'>gratior</span> <span class='ocrx_word' id='word_1_108' title='bbox 912 2081 1017 2123; x_wconf 86' lang='lat' dir='ltr'>aurern</span> 
     </span>
    </p>

    <p class='ocr_par' dir='ltr' id='par_1_12' title="bbox 216 2160 1212 2334">
     <span class='ocr_line' id='line_1_17' title="bbox 216 2160 1212 2245; baseline 0 -22"><span class='ocrx_word' id='word_1_109' title='bbox 216 2160 357 2245; x_wconf 85' lang='lat' dir='ltr'>Occupat</span> <span class='ocrx_word' id='word_1_110' title='bbox 372 2161 564 2224; x_wconf 85' lang='lat' dir='ltr'>humanam?</span> <span class='ocrx_word' id='word_1_111' title='bbox 586 2163 719 2244; x_wconf 81' lang='lat' dir='ltr'>grandes</span> <span class='ocrx_word' id='word_1_112' title='bbox 733 2161 855 2226; x_wconf 90' lang='lat' dir='ltr'>rhombi</span> <span class='ocrx_word' id='word_1_113' title='bbox 870 2162 1047 2245; x_wconf 76' lang='lat' dir='ltr'>patinaeque</span> <span class='ocrx_word' id='word_1_114' title='bbox 1168 2162 1212 2229; x_wconf 81' lang='lat'>95</span> 
     </span>
     <span class='ocr_line' id='line_1_18' title="bbox 217 2261 1028 2334; baseline 0.002 -10"><span class='ocrx_word' id='word_1_115' title='bbox 217 2261 345 2324; x_wconf 84' lang='lat' dir='ltr'>Grande</span> <span class='ocrx_word' id='word_1_116' title='bbox 359 2262 464 2324; x_wconf 90' lang='lat' dir='ltr'>ferunt</span> <span class='ocrx_word' id='word_1_117' title='bbox 478 2283 625 2325; x_wconf 85' lang='lat' dir='ltr'>unacum</span> <span class='ocrx_word' id='word_1_118' title='bbox 641 2262 755 2325; x_wconf 90' lang='lat' dir='ltr'>damno</span> <span class='ocrx_word' id='word_1_119' title='bbox 770 2263 923 2334; x_wconf 81' lang='lat' dir='ltr'>dedecus3</span> <span class='ocrx_word' id='word_1_120' title='bbox 947 2263 1028 2326; x_wconf 87' lang='lat' dir='ltr'>adde</span> 
     </span>
    </p>

    <p class='ocr_par' dir='ltr' id='par_1_13' title="bbox 219 2361 942 2447">
     <span class='ocr_line' id='line_1_19' title="bbox 219 2361 942 2447; baseline 0.003 -23"><span class='ocrx_word' id='word_1_121' title='bbox 219 2363 337 2425; x_wconf 87' lang='lat' dir='ltr'>Iratum</span> <span class='ocrx_word' id='word_1_122' title='bbox 353 2375 511 2445; x_wconf 85' lang='lat' dir='ltr'>patruum,</span> <span class='ocrx_word' id='word_1_123' title='bbox 527 2361 656 2439; x_wconf 88' lang='lat' dir='ltr'>vicinos,</span> <span class='ocrx_word' id='word_1_124' title='bbox 673 2367 703 2425; x_wconf 87' lang='lat' dir='ltr'>tc</span> <span class='ocrx_word' id='word_1_125' title='bbox 719 2363 776 2425; x_wconf 91' lang='lat' dir='ltr'>tibi</span> <span class='ocrx_word' id='word_1_126' title='bbox 789 2363 942 2447; x_wconf 90' lang='lat' dir='ltr'>iniquum,</span> 
     </span>
    </p>

    <p class='ocr_par' dir='ltr' id='par_1_14' title="bbox 216 2462 1008 2547">
     <span class='ocr_line' id='line_1_20' title="bbox 216 2462 1008 2547; baseline 0.003 -21"><span class='ocrx_word' id='word_1_127' title='bbox 216 2464 262 2526; x_wconf 89' lang='lat' dir='ltr'>Et</span> <span class='ocrx_word' id='word_1_128' title='bbox 276 2464 391 2526; x_wconf 83' lang='lat' dir='ltr'>frustra</span> <span class='ocrx_word' id='word_1_129' title='bbox 407 2463 513 2526; x_wconf 89' lang='lat' dir='ltr'>mortis</span> <span class='ocrx_word' id='word_1_130' title='bbox 528 2462 689 2546; x_wconf 90' lang='lat' dir='ltr'>cupidum,</span> <span class='ocrx_word' id='word_1_131' title='bbox 704 2485 774 2526; x_wconf 90' lang='lat' dir='ltr'>cum</span> <span class='ocrx_word' id='word_1_132' title='bbox 791 2463 890 2526; x_wconf 70' lang='lat' dir='ltr'>deerit</span> <span class='ocrx_word' id='word_1_133' title='bbox 904 2465 1008 2547; x_wconf 88' lang='lat' dir='ltr'>egenti</span> 
     </span>
    </p>

    <p class='ocr_par' dir='ltr' id='par_1_15' title="bbox 216 2557 1066 2649">
     <span class='ocr_line' id='line_1_21' title="bbox 216 2557 1066 2649; baseline 0.006 -23"><span class='ocrx_word' id='word_1_134' title='bbox 216 2566 272 2640; x_wconf 89' lang='lat' dir='ltr'>As,</span> <span class='ocrx_word' id='word_1_135' title='bbox 288 2557 389 2649; x_wconf 81' lang='lat' dir='ltr'>l&#39;aquei</span> <span class='ocrx_word' id='word_1_136' title='bbox 405 2562 548 2646; x_wconf 87' lang='lat' dir='ltr'>pretium.</span> <span class='ocrx_word' id='word_1_137' title='bbox 593 2565 617 2626; x_wconf 86' lang='lat' dir='ltr'>J</span> <span class='ocrx_word' id='word_1_138' title='bbox 619 2585 685 2641; x_wconf 89' lang='lat' dir='ltr'>ure,</span> <span class='ocrx_word' id='word_1_139' title='bbox 701 2564 813 2649; x_wconf 92' lang='lat' dir='ltr'>inquit,</span> <span class='ocrx_word' id='word_1_140' title='bbox 831 2566 984 2631; x_wconf 87' lang='lat' dir='ltr'>Trausius</span> <span class='ocrx_word' id='word_1_141' title='bbox 998 2566 1066 2631; x_wconf 86' lang='lat' dir='ltr'>istis</span> 
     </span>
    </p>

    <p class='ocr_par' dir='ltr' id='par_1_16' title="bbox 215 2663 1211 2853">
     <span class='ocr_line' id='line_1_22' title="bbox 215 2663 1211 2750; baseline 0.009 -26"><span class='ocrx_word' id='word_1_142' title='bbox 215 2663 238 2724; x_wconf 87' lang='lat' dir='ltr'>J</span> <span class='ocrx_word' id='word_1_143' title='bbox 241 2677 370 2749; x_wconf 76' lang='lat' dir='ltr'>urgetur</span> <span class='ocrx_word' id='word_1_144' title='bbox 384 2664 504 2729; x_wconf 84' lang='lat' dir='ltr'>verbis:</span> <span class='ocrx_word' id='word_1_145' title='bbox 528 2666 601 2748; x_wconf 89' lang='lat' dir='ltr'>Ego</span> <span class='ocrx_word' id='word_1_146' title='bbox 616 2666 780 2750; x_wconf 80' lang='lat' dir='ltr'>vectigalia</span> <span class='ocrx_word' id='word_1_147' title='bbox 795 2687 918 2750; x_wconf 87' lang='lat' dir='ltr'>magna,</span> <span class='ocrx_word' id='word_1_148' title='bbox 1146 2669 1211 2733; x_wconf 90' lang='grc'>100</span> 
     </span>
     <span class='ocr_line' id='line_1_23' title="bbox 216 2764 1055 2853; baseline 0.005 -25"><span class='ocrx_word' id='word_1_149' title='bbox 216 2765 414 2849; x_wconf 86' lang='lat' dir='ltr'>Divitiasque</span> <span class='ocrx_word' id='word_1_150' title='bbox 429 2764 527 2828; x_wconf 87' lang='lat' dir='ltr'>habeo</span> <span class='ocrx_word' id='word_1_151' title='bbox 543 2766 640 2829; x_wconf 86' lang='lat' dir='ltr'>tribus</span> <span class='ocrx_word' id='word_1_152' title='bbox 656 2767 773 2844; x_wconf 89' lang='lat' dir='ltr'>amplas</span> <span class='ocrx_word' id='word_1_153' title='bbox 789 2768 921 2851; x_wconf 86' lang='lat' dir='ltr'>regibus.</span> <span class='ocrx_word' id='word_1_154' title='bbox 969 2765 1055 2853; x_wconf 87' lang='lat' dir='ltr'>Ergo</span> 
     </span>
    </p>

    <p class='ocr_par' dir='ltr' id='par_1_17' title="bbox 216 2867 1103 2955">
     <span class='ocr_line' id='line_1_24' title="bbox 216 2867 1103 2955; baseline 0.008 -26"><span class='ocrx_word' id='word_1_155' title='bbox 216 2867 308 2944; x_wconf 87' lang='lat' dir='ltr'>Quod</span> <span class='ocrx_word' id='word_1_156' title='bbox 323 2879 458 2950; x_wconf 86' lang='lat' dir='ltr'>superat,</span> <span class='ocrx_word' id='word_1_157' title='bbox 475 2887 535 2928; x_wconf 91' lang='lat' dir='ltr'>nou</span> <span class='ocrx_word' id='word_1_158' title='bbox 552 2879 599 2928; x_wconf 86' lang='lat' dir='ltr'>est</span> <span class='ocrx_word' id='word_1_159' title='bbox 613 2867 723 2930; x_wconf 88' lang='lat' dir='ltr'>melius</span> <span class='ocrx_word' id='word_1_160' title='bbox 737 2890 799 2952; x_wconf 90' lang='lat' dir='ltr'>quo</span> <span class='ocrx_word' id='word_1_161' title='bbox 813 2869 967 2934; x_wconf 87' lang='lat' dir='ltr'>insumere</span> <span class='ocrx_word' id='word_1_162' title='bbox 981 2872 1103 2955; x_wconf 86' lang='lat' dir='ltr'>possis?</span> 
     </span>
    </p>

    <p class='ocr_par' dir='ltr' id='par_1_18' title="bbox 216 2966 1016 3057">
     <span class='ocr_line' id='line_1_25' title="bbox 216 2966 1016 3057; baseline 0.009 -26"><span class='ocrx_word' id='word_1_163' title='bbox 216 2970 282 3031; x_wconf 92' lang='lat' dir='ltr'>Cur</span> <span class='ocrx_word' id='word_1_164' title='bbox 296 2981 368 3051; x_wconf 86' lang='lat' dir='ltr'>eget</span> <span class='ocrx_word' id='word_1_165' title='bbox 382 2966 529 3050; x_wconf 89' lang='lat' dir='ltr'>indignus</span> <span class='ocrx_word' id='word_1_166' title='bbox 543 2966 717 3051; x_wconf 90' lang='lat' dir='ltr'>quisquam,</span> <span class='ocrx_word' id='word_1_167' title='bbox 734 2984 764 3031; x_wconf 90' lang='lat' dir='ltr'>te</span> <span class='ocrx_word' id='word_1_168' title='bbox 779 2970 900 3035; x_wconf 85' lang='lat' dir='ltr'>divite?</span> <span class='ocrx_word' id='word_1_169' title='bbox 922 2995 1016 3057; x_wconf 87' lang='lat' dir='ltr'>quare</span> 
     </span>
    </p>

    <p class='ocr_par' dir='ltr' id='par_1_19' title="bbox 216 3068 1208 3357">
     <span class='ocr_line' id='line_1_26' title="bbox 216 3068 1130 3157; baseline 0.005 -24"><span class='ocrx_word' id='word_1_170' title='bbox 216 3069 351 3153; x_wconf 86' lang='lat' dir='ltr'>Templa</span> <span class='ocrx_word' id='word_1_171' title='bbox 366 3082 460 3131; x_wconf 92' lang='lat' dir='ltr'>ruunt</span> <span class='ocrx_word' id='word_1_172' title='bbox 475 3068 602 3152; x_wconf 88' lang='lat' dir='ltr'>antiqua</span> <span class='ocrx_word' id='word_1_173' title='bbox 617 3070 747 3132; x_wconf 75' lang='lat' dir='ltr'>Derim?</span> <span class='ocrx_word' id='word_1_174' title='bbox 794 3073 871 3149; x_wconf 88' lang='lat' dir='ltr'>Cur,</span> <span class='ocrx_word' id='word_1_175' title='bbox 886 3073 1036 3157; x_wconf 88' lang='lat' dir='ltr'>improbe,</span> <span class='ocrx_word' id='word_1_176' title='bbox 1051 3097 1130 3139; x_wconf 84' lang='lat' dir='ltr'>carae</span> 
     </span>
     <span class='ocr_line' id='line_1_27' title="bbox 216 3170 1208 3255; baseline 0.005 -19"><span class='ocrx_word' id='word_1_177' title='bbox 216 3173 289 3236; x_wconf 93' lang='lat' dir='ltr'>Non</span> <span class='ocrx_word' id='word_1_178' title='bbox 304 3170 422 3255; x_wconf 88' lang='lat' dir='ltr'>aliquid</span> <span class='ocrx_word' id='word_1_179' title='bbox 437 3171 545 3254; x_wconf 85' lang='lat' dir='ltr'>patriae</span> <span class='ocrx_word' id='word_1_180' title='bbox 561 3185 648 3233; x_wconf 86' lang='lat' dir='ltr'>tauto</span> <span class='ocrx_word' id='word_1_181' title='bbox 663 3171 798 3234; x_wconf 86' lang='lat' dir='ltr'>emetiris</span> <span class='ocrx_word' id='word_1_182' title='bbox 813 3177 946 3236; x_wconf 83' lang='lat' dir='ltr'>acervo?</span> <span class='ocrx_word' id='word_1_183' title='bbox 1145 3177 1208 3243; x_wconf 84' lang='lat'>105</span> 
     </span>
     <span class='ocr_line' id='line_1_28' title="bbox 216 3271 924 3357; baseline -0.001 -19"><span class='ocrx_word' id='word_1_184' title='bbox 216 3273 283 3338; x_wconf 93' lang='lat' dir='ltr'>Uni</span> <span class='ocrx_word' id='word_1_185' title='bbox 300 3272 443 3335; x_wconf 91' lang='lat' dir='ltr'>nimirum</span> <span class='ocrx_word' id='word_1_186' title='bbox 460 3271 516 3335; x_wconf 92' lang='lat' dir='ltr'>tibi</span> <span class='ocrx_word' id='word_1_187' title='bbox 530 3285 613 3335; x_wconf 88' lang='lat' dir='ltr'>recte</span> <span class='ocrx_word' id='word_1_188' title='bbox 628 3293 747 3357; x_wconf 88' lang='lat' dir='ltr'>semper</span> <span class='ocrx_word' id='word_1_189' title='bbox 761 3286 852 3336; x_wconf 88' lang='lat' dir='ltr'>eruut</span> <span class='ocrx_word' id='word_1_190' title='bbox 865 3296 924 3337; x_wconf 87' lang='lat' dir='ltr'>res.</span> 
     </span>
    </p>

    <p class='ocr_par' dir='ltr' id='par_1_20' title="bbox 217 3372 940 3456">
     <span class='ocr_line' id='line_1_29' title="bbox 217 3372 940 3456; baseline 0 -17"><span class='ocrx_word' id='word_1_191' title='bbox 217 3376 245 3439; x_wconf 95' lang='grc' dir='ltr'><strong>Ο</strong></span> <span class='ocrx_word' id='word_1_192' title='bbox 260 3395 391 3456; x_wconf 86' lang='lat' dir='ltr'>maguus</span> <span class='ocrx_word' id='word_1_193' title='bbox 406 3372 535 3456; x_wconf 86' lang='lat' dir='ltr'>posthac</span> <span class='ocrx_word' id='word_1_194' title='bbox 550 3373 682 3437; x_wconf 89' lang='lat' dir='ltr'>inimicis</span> <span class='ocrx_word' id='word_1_195' title='bbox 696 3374 794 3437; x_wconf 87' lang='lat' dir='ltr'>risus!</span> <span class='ocrx_word' id='word_1_196' title='bbox 821 3376 940 3440; x_wconf 88' lang='lat' dir='ltr'>Uterno</span> 
     </span>
    </p>

    <p class='ocr_par' dir='ltr' id='par_1_21' title="bbox 216 3474 967 3563">
     <span class='ocr_line' id='line_1_30' title="bbox 216 3474 967 3563; baseline 0.007 -26"><span class='ocrx_word' id='word_1_197' title='bbox 216 3476 267 3539; x_wconf 86' lang='lat' dir='ltr'>Ad</span> <span class='ocrx_word' id='word_1_198' title='bbox 282 3497 370 3539; x_wconf 88' lang='lat' dir='ltr'>casus</span> <span class='ocrx_word' id='word_1_199' title='bbox 386 3474 495 3538; x_wconf 90' lang='lat' dir='ltr'>dubios</span> <span class='ocrx_word' id='word_1_200' title='bbox 512 3475 586 3539; x_wconf 86' lang='lat' dir='ltr'>fidet</span> <span class='ocrx_word' id='word_1_201' title='bbox 600 3476 658 3539; x_wconf 92' lang='lat' dir='ltr'>sibi</span> <span class='ocrx_word' id='word_1_202' title='bbox 675 3476 812 3539; x_wconf 85' lang='lat' dir='ltr'>certius?</span> <span class='ocrx_word' id='word_1_203' title='bbox 835 3477 897 3553; x_wconf 87' lang='lat' dir='ltr'>hic,</span> <span class='ocrx_word' id='word_1_204' title='bbox 913 3481 967 3563; x_wconf 93' lang='lat' dir='ltr'>qui</span> 
     </span>
    </p>

    <p class='ocr_par' dir='ltr' id='par_1_22' title="bbox 216 3574 1048 3664">
     <span class='ocr_line' id='line_1_31' title="bbox 216 3574 1048 3664; baseline 0.012 -27"><span class='ocrx_word' id='word_1_205' title='bbox 216 3574 365 3639; x_wconf 87' lang='lat' dir='ltr'>Pluribus</span> <span class='ocrx_word' id='word_1_206' title='bbox 379 3576 509 3640; x_wconf 71' lang='lat' dir='ltr'>assuerit</span> <span class='ocrx_word' id='word_1_207' title='bbox 524 3590 657 3641; x_wconf 89' lang='lat' dir='ltr'>mentem</span> <span class='ocrx_word' id='word_1_208' title='bbox 674 3600 845 3664; x_wconf 89' lang='lat' dir='ltr'>corpusque</span> <span class='ocrx_word' id='word_1_209' title='bbox 859 3584 1048 3664; x_wconf 87' lang='lat' dir='ltr'>superbum?</span> 
     </span>
    </p>

    <p class='ocr_par' dir='ltr' id='par_1_23' title="bbox 217 3677 1208 3863">
     <span class='ocr_line' id='line_1_32' title="bbox 217 3677 1208 3765; baseline 0.011 -25"><span class='ocrx_word' id='word_1_210' title='bbox 217 3678 265 3740; x_wconf 89' lang='lat' dir='ltr'>An</span> <span class='ocrx_word' id='word_1_211' title='bbox 281 3677 346 3762; x_wconf 91' lang='lat' dir='ltr'>qui,</span> <span class='ocrx_word' id='word_1_212' title='bbox 362 3691 525 3741; x_wconf 87' lang='lat' dir='ltr'>contentus</span> <span class='ocrx_word' id='word_1_213' title='bbox 539 3700 635 3762; x_wconf 88' lang='lat' dir='ltr'>parvo</span> <span class='ocrx_word' id='word_1_214' title='bbox 650 3693 850 3765; x_wconf 88' lang='lat' dir='ltr'>metuensque</span> <span class='ocrx_word' id='word_1_215' title='bbox 863 3681 972 3761; x_wconf 86' lang='lat' dir='ltr'>futuri,</span> <span class='ocrx_word' id='word_1_216' title='bbox 1145 3687 1208 3751; x_wconf 89' lang='lat'>110</span> 
     </span>
     <span class='ocr_line' id='line_1_33' title="bbox 217 3776 933 3863; baseline 0.006 -21"><span class='ocrx_word' id='word_1_217' title='bbox 217 3779 257 3842; x_wconf 94' lang='lat' dir='ltr'>In</span> <span class='ocrx_word' id='word_1_218' title='bbox 273 3800 359 3861; x_wconf 89' lang='lat' dir='ltr'>pace,</span> <span class='ocrx_word' id='word_1_219' title='bbox 375 3791 411 3843; x_wconf 93' lang='lat' dir='ltr'>ut</span> <span class='ocrx_word' id='word_1_220' title='bbox 425 3779 558 3862; x_wconf 85' lang='lat' dir='ltr'>sapiens,</span> <span class='ocrx_word' id='word_1_221' title='bbox 574 3776 690 3863; x_wconf 74' lang='lat' dir='ltr'>aptdrit</span> <span class='ocrx_word' id='word_1_222' title='bbox 704 3779 814 3844; x_wconf 90' lang='lat' dir='ltr'>idonea</span> <span class='ocrx_word' id='word_1_223' title='bbox 828 3782 933 3847; x_wconf 86' lang='lat' dir='ltr'>bello?</span> 
     </span>
    </p>

    <p class='ocr_par' dir='ltr' id='par_1_24' title="bbox 216 3878 1195 4065">
     <span class='ocr_line' id='line_1_34' title="bbox 216 3878 1195 3972; baseline 0.013 -31"><span class='ocrx_word' id='word_1_224' title='bbox 216 3878 324 3956; x_wconf 61' lang='lat' dir='ltr'>{lQuo</span> <span class='ocrx_word' id='word_1_225' title='bbox 339 3879 436 3964; x_wconf 88' lang='lat' dir='ltr'>magis</span> <span class='ocrx_word' id='word_1_226' title='bbox 451 3880 501 3943; x_wconf 88' lang='lat' dir='ltr'>his</span> <span class='ocrx_word' id='word_1_227' title='bbox 516 3880 642 3954; x_wconf 89' lang='lat' dir='ltr'>credas;</span> <span class='ocrx_word' id='word_1_228' title='bbox 667 3902 744 3964; x_wconf 89' lang='lat' dir='ltr'>puer</span> <span class='ocrx_word' id='word_1_229' title='bbox 758 3882 841 3948; x_wconf 91' lang='lat' dir='ltr'>hunc</span> <span class='ocrx_word' id='word_1_230' title='bbox 856 3908 914 3969; x_wconf 90' lang='lat' dir='ltr'>ego</span> <span class='ocrx_word' id='word_1_231' title='bbox 929 3908 1043 3972; x_wconf 88' lang='lat' dir='ltr'>parvus</span> <span class='ocrx_word' id='word_1_232' title='bbox 1058 3888 1195 3954; x_wconf 85' lang='lat' dir='ltr'>Ofellum</span> 
     </span>
     <span class='ocr_line' id='line_1_35' title="bbox 217 3980 865 4065; baseline 0.009 -21"><span class='ocrx_word' id='word_1_233' title='bbox 217 3980 353 4064; x_wconf 80' lang='lat' dir='ltr'>Integris</span> <span class='ocrx_word' id='word_1_234' title='bbox 367 3981 477 4065; x_wconf 92' lang='lat' dir='ltr'>opibus</span> <span class='ocrx_word' id='word_1_235' title='bbox 492 3982 563 4044; x_wconf 90' lang='lat' dir='ltr'>novi</span> <span class='ocrx_word' id='word_1_236' title='bbox 576 4003 641 4060; x_wconf 25' lang='lat' dir='ltr'>&#39;non</span> <span class='ocrx_word' id='word_1_237' title='bbox 656 3981 749 4047; x_wconf 89' lang='lat' dir='ltr'>latius</span> <span class='ocrx_word' id='word_1_238' title='bbox 763 4007 865 4063; x_wconf 90' lang='lat' dir='ltr'>usum,</span> 
     </span>
    </p>

    <p class='ocr_par' dir='ltr' id='par_1_25' title="bbox 217 4082 1004 4173">
     <span class='ocr_line' id='line_1_36' title="bbox 217 4082 1004 4173; baseline 0.011 -28"><span class='ocrx_word' id='word_1_239' title='bbox 217 4084 316 4159; x_wconf 85' lang='lat' dir='ltr'>Quam</span> <span class='ocrx_word' id='word_1_240' title='bbox 333 4104 416 4146; x_wconf 90' lang='lat' dir='ltr'>nuuc</span> <span class='ocrx_word' id='word_1_241' title='bbox 430 4082 551 4147; x_wconf 88' lang='lat' dir='ltr'>accisis.</span> <span class='ocrx_word' id='word_1_242' title='bbox 599 4083 710 4149; x_wconf 87' lang='lat' dir='ltr'>Videas</span> <span class='ocrx_word' id='word_1_243' title='bbox 725 4100 840 4151; x_wconf 83' lang='lat' dir='ltr'>metato</span> <span class='ocrx_word' id='word_1_244' title='bbox 854 4089 887 4151; x_wconf 91' lang='lat' dir='ltr'>in</span> <span class='ocrx_word' id='word_1_245' title='bbox 903 4090 1004 4173; x_wconf 87' lang='lat' dir='ltr'>agello</span> 
     </span>
    </p>

    <p class='ocr_par' dir='ltr' id='par_1_26' title="bbox 216 4185 1212 4269">
     <span class='ocr_line' id='line_1_37' title="bbox 216 4185 1212 4269; baseline 0.011 -23"><span class='ocrx_word' id='word_1_246' title='bbox 216 4186 297 4246; x_wconf 90' lang='lat' dir='ltr'>Cum</span> <span class='ocrx_word' id='word_1_247' title='bbox 312 4201 422 4267; x_wconf 86' lang='lat' dir='ltr'>pecore</span> <span class='ocrx_word' id='word_1_248' title='bbox 437 4198 468 4249; x_wconf 90' lang='lat' dir='ltr'>et</span> <span class='ocrx_word' id='word_1_249' title='bbox 482 4186 585 4269; x_wconf 89' lang='lat' dir='ltr'>gnatis</span> <span class='ocrx_word' id='word_1_250' title='bbox 602 4185 712 4251; x_wconf 85' lang='lat' dir='ltr'>fortem</span> <span class='ocrx_word' id='word_1_251' title='bbox 728 4188 869 4251; x_wconf 84' lang='lat' dir='ltr'>mercede</span> <span class='ocrx_word' id='word_1_252' title='bbox 884 4189 1038 4268; x_wconf 88' lang='lat' dir='ltr'>colonum,</span> <span class='ocrx_word' id='word_1_253' title='bbox 1148 4194 1212 4258; x_wconf 77' lang='grc'>115</span> 
     </span>
    </p>
   </div>
   <div class='ocr_carea' id='block_1_3' title="bbox 0 0 1440 5010">
    <p class='ocr_par' dir='ltr' id='par_1_27' title="bbox 0 0 1440 5010">
     <span class='ocr_line' id='line_1_38' title="bbox 0 0 1440 5010; baseline 0 0"><span class='ocrx_word' id='word_1_254' title='bbox 0 0 1440 5010; x_wconf 95' lang='lat' dir='ltr'> </span> 
     </span>
    </p>
   </div>
  </div>
 </body>
</html>
