2872 5010
496 502 683 546 snnmonou
711 501 777 544 sm.
802 503 839 544 n.
864 484 892 543 4.

190 655 308 718 Curvet
324 676 397 738 aper
411 655 514 717 lances
529 654 650 716 camem
669 652 797 716 vitantis
810 652 958 716 inertem:
1035 711 1038 714 ,

191 757 273 819 Nam
289 756 431 820 Laurens
445 755 545 818 malus
561 767 619 832 est,
635 753 716 817 ulvis
731 766 762 817 et
778 753 928 818 arundine
941 754 1077 839 pinguis.

192 858 291 922 Vinea
306 857 473 921 summittit
487 878 612 940 capreas
628 878 689 919 non
705 878 825 941 semper
840 857 957 920 edules.

191 961 349 1024 Fecundae
365 960 478 1044 leporis
493 959 615 1043 sapiens
631 959 800 1022 sectabitur
815 982 926 1023 armos.

192 1063 334 1127 Piscibus
349 1075 441 1145 atque
455 1062 564 1124 avibus
579 1082 649 1145 quae
661 1076 771 1124 natura
785 1076 817 1125 et
830 1062 910 1126 foret
924 1074 1011 1138 setas,
1143 1059 1194 1123 45'

192 1169 275 1229 Ante
290 1186 391 1228 meum
407 1164 486 1227 nulli
501 1164 603 1247 patuit
617 1163 748 1248 quaesita
763 1149 910 1247 palatum.

194 1270 274 1332 Sunt
288 1289 417 1352 quorum
430 1267 588 1351 ingenium
603 1287 684 1329 nova
699 1281 819 1330 tantum
835 1267 972 1331 crustula
986 1265 1109 1350 promit.

194 1373 395 1455 Nequaquam
411 1369 485 1433 satis
500 1369 533 1431 in
549 1390 581 1431 re
596 1389 659 1431 una
673 1390 851 1433 consumere
866 1391 970 1433 curam
980 1392 994 1430 :·
1177 1365 1180 1369 ’

194 1472 244 1536 Ut
256 1472 351 1558 siquis
366 1472 464 1535 solnm
479 1471 550 1546 hoc,
566 1469 647 1533 mala
661 1491 700 1533 ne
715 1471 777 1533 sint
793 1470 875 1547 vina,
886 1471 1015 1544 laboret,

194 1574 286 1652 Quali
302 1574 468 1658 perfundat
482 1574 592 1656 pierre,
609 1593 744 1648 securus,
760 1573 853 1648 olivo,
1146 1570 1189 1632 50

195 1677 333 1740 Massica
348 1677 374 1738 si
390 1676 469 1739 coelo
485 1695 640 1757 supponas
655 1673 728 1737 vina
743 1696 861 1751 screno,

195 1780 368 1853 Nocturna,
384 1775 487 1861 siquid
502 1775 594 1839 crassi
610 1789 669 1851 est,
685 1776 861 1839 tenuabitur
875 1797 960 1851 aura,

196 1882 242 1942 Et
257 1879 385 1942 decedet
400 1879 477 1941 odor
490 1877 592 1940 nervis
608 1877 771 1950 inimicus;
796 1878 897 1942 stilla

198 1981 359 2065 Integrum
376 1981 510 2065 perdunt
525 1980 588 2043 lino
601 1980 710 2045 vitiata
725 2002 876 2066 saporem.

197 2083 378 2146 Surrentina
394 2083 479 2147 vafer
492 2083 545 2168 qui
562 2082 670 2147 miscet
684 2083 760 2148 faece
776 2084 910 2148 Falerna

198 2183 289 2262 Vina,
305 2185 481 2249 columbino
496 2185 603 2247 limum
619 2186 697 2248 beno
712 2185 832 2269 colligit
847 2208 925 2256 ovo·,

198 2288 358 2364 Quatenus
374 2286 436 2349 ima
450 2284 530 2370 petit
544 2286 672 2348 volvens
687 2286 787 2350 aliena
801 2285 940 2351 vitellus,

199 2389 308 2453 Tostis
324 2401 510 2452 marcentem
527 2386 648 2472 squillis
664 2388 814 2452 recreabis
828 2402 859 2453 et
874 2389 955 2454 Afra

200 2493 344 2555 Potorem
361 2490 503 2562 cochlea;
528 2511 599 2552 nam
614 2488 735 2554 lactuca
749 2491 870 2556 innatat
885 2491 948 2556 acri

200 2594 277 2656 Post
293 2592 400 2655 vinum
416 2591 595 2655 stomacho:
618 2613 713 2675 perna
730 2592 828 2677 magis
842 2615 878 2658 ac
893 2593 991 2679 magis
1006 2592 1090 2657 hillis
1148 2591 1191 2659 60

200 2696 341 2780 Flagitat
354 2695 387 2758 in
402 2717 520 2758 morsus
535 2692 616 2758 refici
629 2715 637 2765 ;
660 2694 735 2779 quin
751 2695 853 2759 omnia
868 2695 955 2760 malit

200 2802 403 2883 Quaecunque
419 2797 587 2861 immundis
601 2796 722 2860 fervent
737 2797 823 2862 illata
838 2798 970 2883 popinis.

200 2902 261 2964 Est
275 2922 376 2984 operoe
391 2899 525 2984 pretium
542 2899 676 2982 duplicis
692 2921 872 2984 pernoscere
880 2900 962 2983 juris

201 3002 372 3064 Naturam:
397 2999 528 3084 simplex
543 3023 560 3064 e
575 3000 660 3063 dulci
675 3015 794 3065 constat
809 3002 902 3079 olivo,

202 3102 418 3187 Quod'pingui
434 3103 561 3166 miscere
577 3124 661 3166 mero
676 3102 836 3186 muriaque
847 3104 978 3180 decebit,
1153 3102 1195 3167 65

202 3205 274 3267 Non
290 3204 351 3268 alia
365 3227 455 3290 quam
472 3227 534 3289 qna
550 3205 706 3288 Byzantia
722 3205 826 3289 putuit
840 3228 920 3269 orca.

203 3309 275 3370 Hoc
291 3307 345 3370 ubi
361 3307 521 3370 confusum
539 3308 629 3370 sectis
644 3307 792 3371 inferbuit
808 3307 925 3384 herbis,

204 3408 395 3494 Corycioque
411 3432 498 3473 croco
514 3432 652 3491 sparsum
666 3410 764 3486 stetit,
780 3411 904 3494 insuper
919 3411 1013 3475 addes

203 3515 314 3577 Pressa
332 3511 516 3575 Venafranae
531 3513 613 3598 quod
628 3514 721 3576 bacca
736 3512 854 3574 remisit
868 3512 967 3575 olivae.

204 3615 328 3678 Picenis
343 3615 460 3678 cedunt
472 3615 571 3699 pomis
588 3615 734 3678 Tiburtia
750 3637 856 3689 succo;
1153 3619 1199 3698 70

203 3719 284 3781 Nam
300 3716 378 3780 facie
393 3729 550 3799 praestant.
595 3717 757 3780 Venucula
772 3717 915 3780 convenit
929 3717 1010 3795 ollis,

204 3820 335 3883 Rectius
352 3819 507 3883 Albanam
523 3819 609 3882 fumo
624 3819 781 3883 duraveris
797 3842 905 3882 uvam:

205 3924 299 4015 Plane
314 3944 371 4006 ego
386 3933 455 3986 cum
471 3922 571 3998 malie,
588 3945 644 4007 ego
659 3923 765 3986 faecem
780 3922 898 4007 primus
912 3923 1053 4002 athalae,
1092 4007 1095 4011 .

204 4023 330 4087 Primus
345 4037 376 4087 et
391 4025 531 4087 invenior
546 4025 633 4109 piper
648 4022 762 4103 album,
778 4047 848 4089 cum
864 4027 927 4090 sale
941 4027 1030 4111 nigro

205 4129 375 4205 lucratum,
391 4125 477 4211 puris
492 4126 745 4212 circumposuisse
760 4128 882 4193 catillis.
1075 4189 1077 4192 .
1154 4126 1201 4212 75

206 4231 349 4292 Immanc
361 4241 408 4292 est
423 4228 544 4305 vitium,
559 4229 637 4294 dare
647 4230 743 4295 millia
756 4243 842 4295 terna
856 4231 996 4305 macello,

1049 4355 1069 4397 s
