2872 5010
491 476 681 545 aramum
703 477 774 520 ιιι.
797 478 836 519 ιι.
852 460 890 521 3.
1144 458 1187 522 43

192 632 247 694 Τιι
262 633 376 693 cessas?
393 627 527 712 agalma
545 626 707 691 amnebac
721 627 1054 711 pamiumsryae.
1124 628 1188 692 lod

193 730 348 809 ilQuanti
360 742 473 814 emptae
483 729 539 802 dil
552 730 666 794 Parvo.
682 729 712 801 il
722 727 945 814 Quantiergoi’
957 729 1192 801 ilOetumibua

193 931 277 1013 Quid
293 933 398 1012 refert,
414 934 534 1013 morbo,
544 955 585 998 aa
598 933 692 997 fictis
702 951 868 1019 paremve
883 933 1021 1017 rapiaris?

193 1035 455 1121 Quisnamigitur
470 1039 582 1100 smus?
604 1036 669 1114 Qui
684 1034 887 1100 nonzatriltaa
908 1035 1149 1114 Qualem?
1198 1028 1205 1045 ¹

194 1137 318 1203 Stultus
333 1151 364 1204 et
378 1139 515 1204 insanus.
562 1139 669 1216 Quid?
693 1138 788 1224 siquis
803 1158 866 1201 nou
877 1138 921 1202 ait
936 1155 1058 1216 avarita,

195 1241 353 1304 Continuo
362 1245 479 1306 sanus?
496 1241 640 1305 Minime.
686 1241 763 1319 Cur,
781 1241 905 1305 Stoica?
930 1241 1053 1305 Ilioatn.
1128 1235 1194 1306 iffi

195 1344 267 1406 Non
284 1356 330 1406 est
345 1343 516 1423 cardiacus,
532 1345 695 1408 Cratenrm
708 1342 826 1407 dixisse
839 1357 961 1426 putato,
1001 1422 1004 1428 .

196 1444 261 1508 Hic
272 1465 369 1529 teger:
393 1457 477 1508 recte
492 1456 539 1508 eat
554 1444 662 1528 igitur,
670 1445 1018 1529 surgetqueluegabim

195 1546 288 1624 Quod
303 1547 385 1610 latus
400 1560 455 1609 aut
467 1567 555 1609 renes
571 1547 678 1609 morbo
695 1558 854 1609 tentantur
866 1559 969 1609 acuto.

195 1649 268 1711 Non
284 1661 331 1711 est
344 1648 500 1730 perjurus,
515 1667 615 1730 neque
630 1647 791 1719 sordidusr
815 1644 955 1711 immolet
969 1650 1065 1734 oeqaie

195 1748 262 1813 liic
277 1770 403 1832 porcum
417 1748 568 1811 Laribus:
592 1767 698 1815 verum
713 1747 895 1813 ambitiosus
909 1762 941 1813 et
954 1750 1073 1824 audax,
1132 1749 1194 1816 tos

196 1852 227 1916 N
230 1851 342 1934 avigeb
348 1849 548 1934 Anticyram:
572 1849 648 1935 quid
663 1849 744 1913 enim
760 1849 874 1930 differt,
890 1851 1074 1916 barathrone

196 1953 304 2017 Dones
319 1952 467 2037 quicquid
482 1951 589 2031 babes,
599 1974 640 2017 an
654 1974 812 2038 nunquam
829 1967 916 2019 utare
931 1956 1065 2041 paratis?

198 2055 323 2119 Servius
340 2051 498 2139 Oppidius
511 2055 629 2119 Canusi
643 2054 706 2117 duo
720 2055 849 2140 praedia,
864 2056 953 2121 dives

196 2157 339 2242 Antiqua
354 2179 459 2235 ceusu,
473 2156 556 2221 natis
570 2157 686 2221 divisse
699 2157 822 2221 duobus

198 2259 322 2338 Fertur,
339 2272 370 2323 et
384 2258 453 2323 baec
467 2258 600 2321 moriens
614 2255 719 2341 pueris
733 2257 850 2321 dixisse
861 2259 979 2322 vacatis

198 2362 254 2424 Ad
268 2361 396 2436 lectum,
410 2361 579 2444 Postquam
595 2373 627 2423 te
642 2359 733 2437 talos,
749 2359 840 2436 Aule,
856 2380 1012 2446 nucesque

199 2463 295 2525 Ferre
310 2460 381 2524 sinu
394 2460 479 2537 laxo,
495 2460 610 2524 donare
624 2473 657 2524 et
671 2460 778 2525 ludere
791 2460 876 2537 vidi;

200 2564 261 2640 Te,
275 2561 398 2639 Tiberi,
415 2583 587 2641 numerare,
603 2561 687 2626 caris
701 2562 888 2628 abscondere
903 2561 1036 2628 tristem:

199 2664 344 2730 Extimui
355 2686 395 2727 ne
410 2685 465 2727 vos
480 2678 586 2748 ageret
597 2663 723 2728 vesania
736 2664 868 2739 discors;

201 2768 256 2830 Tu
271 2768 518 2844 Nomentanum,
531 2779 566 2829 tu
581 2788 621 2829 ne
637 2786 798 2850 sequerere
810 2767 964 2833 Cicutam.
1133 2771 1195 2857 175

203 2871 306 2945 Quare
318 2868 481 2952 perdives
495 2880 599 2931 oratus
614 2881 744 2952 uterque
760 2869 905 2946 Penates,

199 2970 228 3031 T
229 2993 250 3031 ιι
265 2991 339 3033 cave
354 2991 393 3033 ne
408 2970 546 3042 minuam
571 2983 617 3045 tu,
633 2990 672 3033 ne
687 2969 788 3055 majus
801 2969 899 3034 facias
915 2971 948 3034 id

202 3067 292 3146 Quod
306 3069 381 3133 sabis
394 3091 463 3134 esse
477 3082 567 3155 putot
582 3085 681 3155 pater,
695 3085 728 3135 et
743 3085 854 3137 natura
868 3075 999 3138 coercet.

202 3172 357 3236 Praeterea
372 3193 412 3236 ne
426 3193 482 3236 vos
493 3173 601 3236 titillet
615 3173 725 3256 gloria,
735 3174 820 3259 jure-

202 3276 345 3338 Jurando
360 3275 550 3359 obstringam
566 3276 675 3339 ambo:
699 3289 768 3340 uter
780 3275 883 3339 edilis
891 3276 988 3343 fuerit
998 3299 1038 3344 ve
1135 3286 1198 3348 180

202 3375 349 3438 Vestrlrm
364 3386 490 3458 praetor,
505 3374 531 3438 is
547 3374 731 3440 intestabilis
747 3367 778 3440 et
793 3396 878 3442 sacer
892 3393 967 3443 esto.

204 3475 242 3536 ln
259 3474 356 3538 cicere
371 3486 464 3558 atque
476 3475 548 3540 faba
562 3477 643 3542 bona
657 3489 692 3541 tu
705 3479 818 3561 perdas
832 3501 893 3564 qne
906 3481 1035 3566 lupinis,

203 3571 304 3640 Latus
318 3589 355 3640 ut
369 3576 401 3640 in
414 3575 507 3640 Circo
522 3578 664 3662 spatiere,
681 3593 735 3643 aut
749 3601 854 3645 aeneus
868 3594 904 3647 ut
917 3597 991 3663 stes,

203 3678 317 3741 Nudus
331 3677 424 3762 agria,
439 3679 543 3743 nodus
557 3680 704 3759 nummis,
713 3680 832 3762 insane,
847 3686 1009 3767 paternis?

205 3778 330 3843 Scilicet
343 3792 380 3843 ut
394 3779 532 3864 plausus,
547 3803 625 3866 quoa
640 3781 701 3845 lert
715 3783 872 3868 Agrippa,
885 3785 969 3852 feras
983 3803 1032 3868 tu,
1132 3792 1197 3858 185

203 3882 323 3945 Astuta
337 3880 508 3966 ingenuum
524 3882 634 3966 vulpes
649 3882 770 3947 imitata
784 3884 925 3950 leonem?

204 3982 324 4067 Nequis
338 3981 482 4048 humisae
498 3984 573 4048 velit
588 3984 731 4068 Ajacem,
744 3985 871 4066 Atrida,
885 4001 972 4054 retas
988 3997 1067 4056 cur?

204 4081 232 4153 il
251 4084 322 4148 Rex
337 4106 415 4148 aum.
454 4085 553 4155 thil
568 4086 650 4150 ultra
664 4107 769 4172 quaero
783 4087 933 4172 plebeius.
970 4090 1063 4162 ilEt
1076 4112 1197 4180 aequam

205 4187 285 4249 Rem
297 4185 459 4269 imperito:
483 4199 517 4251 at
530 4187 608 4251 sicui
620 4187 727 4252 videor
742 4208 803 4253 non
814 4190 931 4274 justus,
946 4190 1048 4258 inulto

207 4287 330 4361 lliccrc,
345 4288 429 4372 quod
445 4289 551 4367 sentis,
568 4290 721 4373 permitto.
767 4292 794 4362 il
814 4289 954 4357 Maxime
969 4313 1088 4383 regum,
1135 4293 1200 4366 190
