2872 5010
607 352 614 394 l

470 484 659 529 cannrnusr
684 479 758 529 mn·
777 488 799 530 r.
823 469 875 531 10.

218 629 363 697 Dissolve
376 631 487 719 frigus,
504 633 589 720 ligna
604 657 696 721 super
709 636 779 703 foco

218 732 322 819 Larga
334 756 506 819 reponens;
529 750 622 822 atque
636 739 801 824 benignius

259 836 417 921 Depmme
430 838 627 922 quadrimum
645 841 771 920 Sabina,

300 939 330 1002 0
348 937 550 1016 Thaliarche,
566 963 684 1005 merum
700 943 795 1008 diota.

216 1039 368 1105 Permitte
382 1040 475 1106 Divis
491 1056 620 1117 caetera;
643 1044 697 1129 qui
712 1045 804 1111 simul

219 1144 361 1208 Strsvere
375 1158 484 1211 ventos
499 1167 620 1231 aequore
634 1146 753 1211 fervido

259 1246 502 1329 Deproeliantes‚
518 1271 576 1314 nec
590 1249 739 1334 cupressi,

304 1350 372 1414 Nec
387 1364 505 1415 veteres
520 1352 677 1437 agitantur
692 1353 771 1415 omi.
983 1426 986 1432 ¹

217 1454 307 1530 Qum
324 1452 364 1516 sit
377 1453 517 1517 futurum
533 1476 612 1531 cras,
626 1454 702 1538 iuge
715 1476 871 1538 quaerere;
891 1469 923 1519 et

217 1555 316 1631 Quem
334 1576 398 1617 sors
413 1554 533 1618 dierum
550 1576 672 1639 cunque
687 1539 888 1645 dabitJIucro

259 1656 411 1739 Adpone3
435 1677 493 1720 nec
507 1656 614 1720 dulces
628 1678 748 1720 amores

304 1760 421 1842 Sperne
436 1780 524 1844 puer,
540 1780 641 1843 neque
656 1770 691 1823 tu
705 1758 843 1837 choreas,

217 1859 328 1923 Donec
342 1858 454 1923 virenti
470 1859 598 1924 canities
613 1861 702 1926 abest

218 1962 354 2025 Morosa.
400 1961 432 2025 N
435 1982 495 2025 unc
510 1974 541 2026 et
556 1984 695 2048 campus,
711 1975 742 2027 et
757 1985 846 2039 areae,

259 2063 424 2148 Lenesque
439 2065 498 2129 sub
512 2077 632 2130 noctem
648 2065 767 2130 susurri

300 2166 480 2250 Composita
494 2182 673 2253 repetantur
687 2168 781 2233 hora:

215 2271 310 2334 Nunc
324 2282 356 2333 et
370 2269 496 2334 latentis
510 2270 651 2354 pmditor
664 2268 774 2333 intimo

119 2403 128 2418 ·
215 2365 334 2436 Gratus
348 2371 463 2455 puellae
478 2370 559 2436 risus
573 2372 613 2436 ab
628 2371 754 2457 angulo,

257 2473 440 2558 Pignusque
454 2473 616 2558 dereptum
631 2473 755 2539 lacertis

301 2576 369 2640 Aut
382 2574 484 2659 digito
499 2575 580 2640 male
594 2575 755 2660 pertinaci.

473 2822 569 2888 ODE
593 2824 639 2888 X.
686 2824 736 2902 (ss.
752 2827 864 2902 xvnr.)

526 2982 572 3024 AD
592 2981 819 3027 MERCURIUM··

214 3095 395 3171 Mnacum,
411 3092 555 3173 facunde,
571 3117 667 3179 nepos
683 3096 835 3171 Atlantis,

214 3195 276 3274 Qui
290 3194 370 3259 feros
385 3195 488 3260 cultus
503 3194 664 3261 hominum
678 3211 837 3261 recentum

212 3298 297 3361 Voce
310 3295 450 3361 formdsti
465 3310 565 3376 catus,
581 3310 614 3362 et
628 3298 748 3362 decorae

386 3401 478 3463 More
492 3399 663 3483 pslaestroe:

212 3503 264 3565 Te
279 3521 398 3578 canam,
415 3501 520 3586 magni
535 3503 558 3565 J
560 3501 627 3566 ovis
641 3515 673 3567 et
688 3504 827 3568 Deorum

212 3603 378 3681 Nuntium,
395 3624 561 3689 curvaequc
574 3603 652 3689 lyme
667 3619 825 3689 parentem
837 3630 847 3678 3

213 3706 371 3772 Callidum
385 3705 534 3791 quicquid
550 3705 679 3790 placuit,
692 3706 800 3790 jocoso

386 3807 528 3872 Condere
543 3806 636 3870 furto.

213 3910 264 3973 Te
278 3910 373 3973 boves
387 3908 461 3972 olim
476 3908 537 3973 nisi
551 3907 737 3975 reddidisses

213 4014 275 4077 Per
289 4013 395 4077 dolum
411 4022 541 4091 amotas,
556 4034 686 4097 puemm
703 4013 815 4079 minaci

212 4116 297 4179 Voce
311 4115 385 4179 dum
402 4127 507 4193 terret,
524 4114 637 4179 viduus
652 4116 797 4199 pharetra

385 4216 471 4280 Risit
486 4216 612 4302 Apollo.
732 4261 736 4267 r
