2872 5010
595 502 728 546 Erouon
751 504 867 547 ulnus.

275 655 384 720 Urcris
399 654 466 738 ipse
481 653 588 717 miser:
604 654 688 738 quod
703 654 730 718 si
745 676 807 717 non
822 653 981 739 pulchrior
995 645 1077 741 ignis

317 756 475 823 Accendit
489 756 643 820 obsessam
660 755 757 832 Ilion,

276 861 390 927 Gaude
405 871 486 923 sorte
502 869 575 930 tue;
599 879 651 921 me
664 856 821 936 libertino,
837 880 938 943 neque
952 881 1014 924 uno

318 965 486 1039 Contenta,
503 958 632 1043 Phryne
646 972 792 1024 mocmt.

615 1333 689 1396 XV.
738 1332 791 1408 (u.
807 1333 850 1411 v.)

615 1524 662 1566 nn
686 1523 861 1566 nolensis,

280 1675 356 1740 Nox
372 1690 450 1752 eret,
466 1687 498 1737 et
512 1672 592 1737 coelo
605 1672 746 1756 fulgebat
760 1672 836 1736 luno
851 1692 959 1735 sereno

323 1778 413 1840 lnter
428 1775 548 1838 minore
563 1773 675 1851 sidero,

280 1881 362 1942 Cum
379 1892 425 1955 tu,
441 1897 623 1960 magnorum
639 1896 754 1938 numen
769 1875 881 1939 laesurs
895 1876 1045 1950 Deorum,

325 1981 365 2045 In
382 1979 475 2043 verbo
484 1978 614 2063 jurabas
628 2000 707 2054 meo,

282 2082 413 2146 Arctius
427 2094 520 2167 etque
533 2081 650 2146 hedera
663 2102 790 2167 procero
804 2081 987 2166 astringitur
999 2082 1063 2147 ilex
1213 2087 1235 2147 5

326 2184 438 2248 Lentis
453 2183 616 2248 odhaerens
631 2183 765 2247 brachiis
777 2207 785 2254 ;

283 2287 369 2350 Dum
384 2285 489 2370 pecori
503 2285 608 2369 lupus,
623 2296 655 2348 et
669 2283 773 2348 nautis
788 2282 917 2348 infestus
933 2283 1030 2349 Orion

325 2387 485 2452 Turberet
498 2386 663 2451 hibernum
678 2406 773 2462 more,

284 2491 492 2574 Intonsosque
507 2488 639 2573 agitaret
653 2487 813 2572 Apollinis
829 2510 904 2553 auro
919 2487 1057 2573 capillos,

327 2592 409 2653 Fore
423 2589 507 2653 hunc
522 2610 655 2653 amorem
672 2604 825 2654 mutuum.
1195 2596 1237 2661 10

285 2695 314 2756 O
329 2692 465 2756 doliture
480 2713 548 2756 meo
563 2692 695 2756 multum
711 2692 827 2757 virtute
842 2692 974 2758 Neaero:

327 2795 409 2859 Nam
426 2795 528 2881 siquid
543 2793 576 2856 in
594 2794 708 2858 Flacco
723 2794 781 2857 viri
797 2808 855 2871 est,

284 2898 357 2961 Non
372 2897 450 2961 feret
466 2896 606 2961 assiduos
620 2896 733 2980 potiori
748 2911 779 2961 te
794 2898 867 2962 dere
881 2907 998 2975 noctes,

329 3002 373 3064 Et
389 3011 506 3084 quosret
521 2997 620 3061 irotus
637 3019 761 3082 parem3

286 3103 355 3167 Nec
369 3101 463 3166 semel
479 3100 604 3164 offensoe
620 3101 708 3164 cedet
720 3101 893 3165 constantia
902 3101 1021 3180 formae,
1196 3107 1237 3170 15

329 3204 364 3269 Si
379 3219 481 3268 certus
496 3200 620 3266 introiit
635 3202 732 3265 dolor.

286 3309 334 3369 At
350 3319 395 3383 tu,
409 3305 586 3390 quicunque
600 3325 633 3368 es
646 3303 775 3381 felicior,
792 3317 885 3389 atquc
900 3327 967 3369 meo
980 3328 1064 3371 nuuc

330 3407 489 3491 Superbus
504 3405 621 3470 incedis
636 3404 728 3483 melo,

286 3512 337 3575 Sis
352 3530 461 3599 pecore
476 3522 506 3572 et
522 3508 621 3571 multu
636 3507 723 3570 dives
739 3508 849 3572 tellure
863 3508 979 3587 licebit,

330 3611 467 3696 Tibique
483 3609 631 3674 Pactolus
645 3607 733 3686 fluat,

287 3716 356 3780 Nec
371 3727 402 3777 tc
417 3712 607 3796 Pythagorae
620 3710 731 3775 fallent
746 3731 856 3775 arcana
871 3713 980 3790 renati,

331 3818 507 3900 Formoque
521 3813 626 3877 vincas
641 3812 758 3886 Nireo3

289 3918 402 3984 Eheu!
428 3915 590 3981 translatos
606 3913 667 3978 elio
683 3914 825 3978 moercbis
840 3937 977 3981 amores:

288 3998 301 4016 ’
332 4023 396 4085 Ast
410 4042 468 4106 ego
483 4017 617 4083 vicissim
633 4016 737 4082 risero.

557 4237 918 4254 m
