2948 5422
232 456 299 519 224
556 475 588 522 o.
611 472 758 516 uonnrrr
783 471 908 516 rrmccr

234 628 286 693 Ad
300 641 438 694 nostrum
454 641 576 714 ternpus
592 627 667 693 Livi
680 626 837 712 scriptoria
851 628 891 692 ab
906 648 985 692 aero.

235 731 399 796 Interdum
414 730 528 815 vulgus
541 743 660 796 rectum
674 729 779 809 videt3
801 742 849 793 eet
862 731 917 795 ubi
931 743 1050 816 peccat.

234 833 270 896 Si
284 846 403 898 veteres
417 833 462 899 ita
474 833 605 900 miratur
617 832 786 917 laudatque
800 833 921 918 pc'e'tae,

233 934 284 999 Ut
296 933 378 998 nihil
392 935 554 1013 anteferat,
568 934 649 999 nihil
663 935 726 1000 illie
741 950 907 1021 comparet,
922 950 1020 1003 errat:
1201 942 1249 1008 65

234 1036 269 1102 si
283 1037 427 1122 quaedam
440 1035 533 1100 nimis
548 1037 685 1123 antique,
700 1038 727 1102 ei
742 1037 887 1124 pleraque
900 1039 977 1104 dure

233 1137 348 1202 Dicere
362 1137 447 1203 cedit
456 1159 519 1217 eoa,
534 1137 647 1222 ignave
662 1139 761 1204 multa
774 1139 908 1215 fatetur;

233 1239 279 1303 Et
293 1239 385 1324 sapit,
400 1252 432 1305 et
447 1260 569 1305 mecum
584 1239 671 1321 facit,
687 1254 719 1307 et
733 1243 819 1306 Jove
828 1242 952 1326 judicat
965 1265 1065 1330 aequo.

234 1338 308 1405 Non
323 1342 465 1426 equidem
480 1341 625 1414 insector,
641 1343 815 1408 delendave
829 1345 966 1410 carmina
981 1346 1059 1410 Livi

232 1444 313 1507 Esse
326 1464 406 1522 reor,
421 1444 549 1508 memini
563 1464 635 1530 quae
649 1446 810 1531 plagosum
827 1447 905 1511 mihi
919 1469 1014 1531 parvo

232 1546 388 1612 Orbilium
404 1547 543 1623 dictare3
567 1549 623 1613 ced
637 1550 801 1614 emendata
816 1549 927 1626 videri,

233 1650 442 1737 Pulchraque,
457 1664 490 1715 et
504 1651 623 1716 exactis
638 1650 801 1715 minimum
816 1650 977 1728 distantia,
991 1649 1098 1715 miror.

233 1752 322 1817 Inter
336 1775 407 1838 quae
421 1754 548 1818 verbum
564 1752 691 1818 emicuit
706 1751 821 1818 aiforte
836 1753 993 1830 decorum,
1008 1766 1041 1818 et

233 1855 268 1920 si
281 1879 388 1923 versus
402 1858 496 1944 paulo
511 1856 690 1923 concinnior
704 1877 785 1921 unus
799 1868 832 1920 et
845 1856 933 1933 alter,

232 1958 356 2044 Injuete
367 1973 467 2025 totum
482 1959 570 2024 ducit
584 1959 751 2043 venditque
766 1966 889 2043 poema.
1189 1959 1234 2042 75

232 2062 386 2147 Indignor
400 2060 568 2147 quidquam
584 2058 780 2143 reprehendi,
794 2079 858 2123 non
873 2060 947 2144 quia
960 2080 1059 2125 crasse

232 2163 448 2250 Compoeitum
463 2160 628 2248 illepideve
642 2172 780 2245 putetur,
797 2162 852 2226 sed
866 2162 939 2247 quia
952 2184 1071 2248 nuper;

232 2266 301 2331 Nec
316 2266 437 2331 veniam
452 2263 599 2350 antiquie,
616 2264 671 2328 sed
685 2262 832 2328 honorem
847 2277 879 2328 et
893 2264 1021 2349 praemia
1034 2265 1132 2349 ponci.

231 2368 332 2433 Recte
346 2389 443 2432 necne
457 2387 580 2432 crocum
595 2364 746 2450 doresque
760 2367 952 2450 perambulet
966 2369 1053 2434 Attae

230 2469 354 2534 Fabula
368 2470 395 2534 si
409 2469 562 2548 dubitem,
577 2468 711 2534 clament
724 2468 852 2553 periisse
866 2469 1014 2554 pudorem

231 2572 347 2636 Cuncti
362 2593 441 2657 pene
455 2584 579 2657 patrem
604 2592 641 2635 ea
654 2590 724 2634 cum
741 2569 964 2655 reprehendere
978 2592 1071 2636 coner

230 2673 311 2750 Quae
324 2674 428 2757 gravis
444 2675 596 2757 AEeopus,
611 2695 682 2759 quae
696 2672 806 2737 doctus
823 2673 956 2736 Roscius
970 2673 1051 2758 egit:

230 2774 290 2836 Vel
304 2775 377 2858 quia
390 2774 436 2837 nil
450 2787 580 2850 rectum,
596 2774 656 2837 nisi
670 2757 754 2858 quod
768 2774 885 2859 placuit
901 2774 969 2850 eibi,
985 2775 1124 2849 ducunt;

229 2875 287 2939 Vel
302 2876 375 2959 quia
390 2888 479 2958 turpe
494 2887 606 2957 putant
621 2896 727 2958 parere
742 2875 921 2954 minoribns,
938 2889 969 2941 et
983 2896 1053 2962 quae

230 2975 368 3041 imberbi
384 2975 530 3051 didicere,
548 2996 634 3038 senes
649 2976 806 3057 perdenda
820 2977 918 3042 fateri.
1184 2981 1229 3041 85

226 3079 251 3142 J
252 3099 301 3143 am
319 3078 436 3144 Saliare
452 3079 566 3144 Nnmae
581 3097 703 3142 carmen
718 3078 771 3161 qui
787 3078 904 3158 laudat,
918 3092 950 3144 et
963 3079 1042 3143 illud

227 3181 320 3258 Quod
336 3203 455 3247 mecum
471 3180 604 3265 ignorat,
620 3179 704 3244 solus
719 3180 788 3244 vult
803 3181 879 3246 scire
893 3181 1010 3255 videri;

228 3283 369 3367 ingeniis
383 3303 446 3345 non
460 3281 514 3345 ille
528 3281 612 3346 favet
626 3281 808 3367 plauditque
823 3284 963 3368 sepultis,

226 3386 342 3448 Nostra
356 3383 411 3447 aed
425 3383 601 3466 impugnat,
616 3404 672 3447 nos
687 3395 851 3468 nostraque
864 3384 980 3450 lividus
994 3385 1070 3449 odit.

225 3486 319 3563 Quod
332 3485 359 3548 si
374 3498 437 3550 tam
454 3485 559 3550 Graiis
574 3484 696 3550 novitas
710 3484 810 3550 invisa
824 3486 934 3552 fuisset
1181 3492 1227 3557 90

225 3590 327 3665 Quam
342 3587 441 3666 nobis,
456 3587 532 3673 quid
548 3610 631 3653 nunc
646 3601 727 3654 esset
741 3593 855 3654 vetus?
877 3602 932 3653 aut
946 3590 1022 3674 quid
1037 3590 1165 3656 haberet

223 3691 317 3767 Quod
331 3692 447 3775 legeret
462 3704 632 3778 tereretque
644 3692 759 3756 viritim
775 3691 918 3777 publicus
931 3698 1030 3757 unus?

224 3795 273 3857 Ut
287 3795 421 3878 primum
436 3795 544 3879 positis
559 3794 669 3878 nugari
686 3792 812 3858 Graecia
826 3793 915 3859 bellis

223 3894 340 3979 Coepit,
356 3895 434 3959 etin
450 3894 560 3957 vitium
576 3894 700 3958 fortune
714 3895 811 3959 labier
824 3915 925 3980 oequa,

222 3998 254 4061 N
256 4019 316 4061 unc
330 3997 516 4062 athletarum
532 3997 655 4074 studiis,
671 4019 753 4061 nunc
768 3998 843 4062 arsit
857 4019 1005 4083 equorum
1017 4023 1027 4071 ;
1178 4004 1225 4070 95

222 4099 389 4165 Marmoris
403 4113 457 4165 aut
471 4099 570 4164 eboris
585 4098 687 4164 fabros
701 4112 757 4163 aut
771 4101 842 4164 aerie
857 4099 992 4178 amavit3

222 4203 392 4287 Suspendit
406 4203 491 4287 picta
505 4203 626 4270 vultum
642 4217 838 4287 mentemque
853 4202 984 4274 tabella;
