2872 5010
279 440 345 503 2⁰8
606 457 639 502 e·
662 453 810 498 notarri
837 453 962 496 staret

365 613 536 696 Utcunque
549 609 690 675 deiecere
705 633 816 686 mores,

409 715 597 779 indecorant
611 715 690 778 bene
704 727 778 778 nata
792 714 903 798 culpae.

322 816 408 895 Quid
422 816 546 892 debeas,
562 818 591 879 0
608 817 722 889 Roma,
739 816 928 893 Neronibus,

322 917 429 982 Testis
445 919 625 981 Metaurum
640 916 767 995 flumen,
782 932 814 982 et
830 916 986 982 Asdrubal

364 1020 528 1094 Devictus,
544 1033 575 1081 et
589 1019 720 1101 pulcher
729 1021 846 1103 fugatis

407 1120 468 1183 Ille
482 1120 550 1183 dies
566 1120 660 1182 Latio
675 1120 821 1198 tenebris,

319 1220 382 1298 Qui
396 1220 515 1303 primns
530 1220 611 1284 alma
626 1220 694 1284 risit
709 1222 833 1296 adorea,

320 1323 417 1385 Dirua
431 1343 488 1406 per
501 1323 593 1386 urbes
611 1322 688 1386 Afer
703 1338 740 1387 ut
756 1324 865 1400 Italas,

360 1424 431 1488 Ceu
445 1423 569 1488 flamma
584 1446 640 1510 per
655 1426 763 1502 taedas,
780 1426 829 1490 vel
845 1428 951 1490 Eurus

406 1529 468 1591 Per
484 1527 607 1591 Siculas
621 1528 773 1613 equitavit
790 1530 897 1593 undas.

320 1629 397 1692 Post
410 1627 471 1691 hoc
485 1629 630 1693 secundis
645 1652 744 1716 usque
759 1631 916 1695 laboribus

319 1731 463 1794 Romana
477 1731 575 1814 pubes
590 1732 708 1804 crevit;
732 1747 764 1796 et
779 1733 875 1816 impio

362 1833 491 1896 Vastan
507 1834 676 1896 Poenorum
693 1835 830 1899 tumultu

404 1934 493 1997 Pana
508 1935 594 1997 Deos
609 1934 745 1999 habuere
760 1951 878 2000 rectos:

318 2033 468 2117 Dixitque
481 2035 605 2097 tandem
622 2036 758 2119 perfidus
775 2038 926 2111 Annibal,

318 2134 424 2212 Cervi,
439 2136 583 2220 luporum
599 2137 704 2221 prada
719 2139 889 2223 rapacium,

363 2238 524 2301 Sectamnr
539 2238 622 2303 ultro
637 2262 714 2324 qnos
730 2240 851 2326 opimus

405 2340 527 2404 Fallere
542 2356 575 2405 et
589 2342 726 2427 effligere
741 2359 787 2407 est
802 2344 988 2430 triumphus.

318 2443 417 2520 Gens,
433 2465 504 2528 quse
518 2459 653 2508 cremato
667 2445 756 2509 fortis
770 2447 810 2509 ab
824 2447 886 2510 llio

316 2547 442 2610 Jactata
458 2549 574 2612 Tuscis
588 2549 765 2634 requorihns
779 2572 864 2615 saera

359 2648 391 2710 N
393 2662 520 2732 atosque
534 2665 731 2736 maturosque
746 2666 849 2736 patres

399 2751 533 2814 Pertulit
550 2753 709 2817 Ausonias
724 2755 763 2818 ad
778 2756 880 2831 urbes,

314 2851 411 2915 Duris
426 2852 539 2915 utiles
555 2867 643 2917 tonsa
659 2856 846 2938 bipennibus

315 2952 423 3038 Nigrae
438 2953 531 3018 feraci
546 2954 665 3021 frondis
681 2955 713 3018 in
729 2956 857 3039 Algido,

356 3059 419 3122 Per
434 3058 558 3136 damna,
573 3079 628 3143 per
643 3058 755 3135 caedes,
771 3058 810 3123 ab
825 3059 893 3144 ipso

400 3161 498 3225 Ducit
513 3183 586 3245 opes
601 3161 799 3247 animumque
812 3161 902 3227 ferro.

314 3264 386 3325 Non
405 3264 518 3345 Hydra
532 3278 617 3327 secto
631 3287 758 3348 corpore
772 3265 888 3329 firmior

311 3363 404 3427 Vinci
419 3364 575 3427 dolentem
591 3366 689 3428 crevit
704 3367 735 3429 in
755 3368 923 3431 Herculem
937 3393 947 3439 ;

354 3465 572 3530 Monstrumve
587 3467 767 3532 summisere
783 3468 893 3533 Colchi

396 3569 516 3655 Majus,
529 3570 736 3636 Echioniaeve
747 3569 880 3636 Thebae.

310 3671 432 3736 Menses
446 3674 611 3757 profitndo‚
627 3675 785 3760 pulchrior
799 3677 919 3741 evenit:

311 3771 458 3852 Luctere‚
476 3776 574 3840 multa
589 3794 715 3862 proruet
729 3780 884 3864 integrum

355 3879 436 3938 Cum
453 3875 546 3939 laude
561 3879 720 3955 victorem,
733 3897 879 3965 geretque

398 3976 515 4041 Proelia
530 3978 713 4061 conjugibus
729 3981 891 4061 loquenda.

310 4078 494 4162 Carthagini
504 4080 570 4164 jam
585 4100 646 4142 non
662 4101 720 4162 ego
735 4078 860 4141 nuntios

309 4181 437 4244 Mittam
454 4183 621 4265 supcrb0s3
646 4180 770 4258 occidit,
786 4181 898 4245 occidit
