2872 5010
290 483 310 542 4
612 498 641 543 e.
667 495 813 540 noaarn
839 496 961 540 rancor

292 652 476 732 Supremam
492 661 625 732 tempus,
641 668 681 711 ne
695 668 728 710 se
742 647 872 731 penuria
887 647 989 710 victua

290 751 500 834 opprimeret,
515 751 681 814 metuebat.
727 751 770 812 At
784 749 868 813 hunc
882 749 993 812 liberta
1008 749 1106 812 securi
1150 735 1158 749 ⁸

291 852 411 915 Divisit
426 852 573 928 medium,
588 850 754 915 fortissima
770 850 1035 934 Tyndaridarum.
1224 851 1290 914 10⁰

292 954 320 1026 il
334 954 418 1032 Quid
432 954 476 1016 mi
492 953 586 1036 igitur
600 955 731 1016 suades?
754 964 790 1015 ut
804 951 906 1015 vivam
923 953 1072 1030 Maenius,
1088 962 1143 1017 aut
1157 950 1204 1016 sic

292 1056 341 1120 Ut
357 1058 596 1119 Nomentanus?
620 1056 648 1126 il
663 1054 773 1139 Pergis
788 1054 961 1139 pugnantia
975 1076 1078 1119 secum

290 1158 459 1253 Frontibus
473 1156 610 1221 adversis
624 1157 825 1241 componere?
850 1178 910 1220 non
923 1180 991 1243 ego,
1007 1179 1135 1222 avarum

291 1261 373 1324 Cum
389 1272 460 1322 veto
475 1270 505 1322 te
520 1258 598 1334 fieri,
613 1280 745 1343 vappam
757 1259 854 1342 jubeo
869 1281 905 1323 ac
919 1260 1113 1325 nebulonem.

289 1361 351 1425 Est
365 1361 446 1423 inter
458 1359 592 1424 Tanaim
608 1360 755 1445 quiddam
772 1382 971 1446 socerumque
987 1360 1107 1425 Viselli.
1221 1360 1287 1423 10⁵

289 1463 351 1526 Est
365 1464 475 1526 modus
488 1461 521 1524 in
537 1463 648 1536 rebua;
665 1477 738 1527 sunt
750 1463 825 1527 certi
841 1463 974 1547 denique
989 1462 1077 1540 linea,
1232 1462 1234 1467 ’

289 1564 377 1636 Quos
391 1564 473 1628 ultra
487 1564 624 1648 citraque
638 1565 746 1649 nequit
761 1565 927 1649 consistere
941 1577 1069 1629 rectum.

289 1665 384 1744 Illuc,
401 1667 484 1730 unde
498 1665 571 1743 abii,
587 1667 698 1741 redeo;
722 1669 844 1731 nemon*
858 1680 893 1731 nt
908 1689 1018 1730 avarus

290 1769 331 1831 Se
345 1768 465 1852 probet,
481 1790 518 1832 ac
532 1768 636 1852 potius
648 1769 755 1832 laudet
769 1769 892 1833 diversa
907 1771 1091 1853 sequentes?

288 1869 442 1953 Quodque
457 1869 558 1933 aliena
573 1869 690 1952 capella
705 1882 792 1953 gerat
807 1871 972 1934 distentius
987 1871 1074 1946 uber,
1220 1869 1284 1931 110

289 1969 465 2036 Tabescat?
482 1991 581 2053 neque
597 1990 629 2032 se
644 1970 752 2053 majori
767 1971 985 2053 pauperiorum

288 2074 407 2137 Turbae
421 2071 600 2156 comparet?
623 2069 708 2134 hunc
723 2084 816 2157 atque
829 2070 914 2136 hunc
928 2095 1072 2158 superare
1085 2073 1230 2141 laborati

289 2173 341 2239 Sic
355 2173 514 2239 festinanti
529 2195 650 2258 semper
663 2173 847 2256 locupletior
861 2175 983 2240 obstat:

286 2279 336 2342 Ut
350 2300 420 2342 cum
436 2276 607 2341 carceribus
622 2274 730 2339 missos
743 2276 825 2360 rapit
839 2277 957 2362 ungula
971 2300 1090 2356 currus,

287 2381 391 2445 Instat
405 2378 491 2464 equis
505 2379 614 2463 auriga
628 2401 699 2442 snos
714 2378 919 2457 vincentibus,
935 2379 1024 2443 illum
1217 2379 1282 2442 115

287 2483 483 2547 Praeteritum
501 2495 640 2545 temnens
654 2495 807 2546 extremos
821 2482 902 2546 inter
916 2495 1051 2546 euntem.

285 2584 366 2648 Inde
380 2583 417 2646 fit
430 2593 467 2644 ut
481 2603 561 2658 raro,
576 2582 629 2664 qui
645 2604 677 2644 se
692 2583 804 2646 vixisse
819 2584 943 2646 beatum

285 2684 392 2760 Dicat,
408 2695 440 2747 et
454 2694 565 2745 exacto
579 2694 742 2744 contentus
757 2693 893 2763 tempore
908 2682 983 2746 vitae

285 2784 396 2861 Cedat,
412 2782 459 2846 uti
474 2779 604 2844 conviva
618 2792 714 2854 satur,
729 2780 863 2865 reperire
876 2802 1033 2864 queamua.

284 2885 308 2947 J
310 2904 358 2948 am
374 2881 448 2947 satis
462 2892 528 2945 est:
552 2902 592 2943 ne
606 2899 655 2943 me
672 2879 810 2966 Crispini
824 2880 937 2944 scrinia
951 2881 1030 2966 lippi
1216 2889 1283 2950 120

285 2983 477 3070 Compilasae
491 2995 593 3069 putes,
608 2983 736 3048 verbum
750 3005 812 3048 non
827 2982 960 3069 amplius
975 2983 1096 3050 addam.

656 3390 831 3455 SATIRA
855 3391 902 3454 II.

281 3558 552 3622 Antoninianum
569 3559 713 3643 collegia,
725 3559 988 3644 pharmacopolae,

283 3659 437 3737 Mendici,
452 3659 567 3738 mimae,
584 3662 769 3737 balatrones,
783 3660 844 3725 boc
857 3683 956 3746 genus
970 3682 1061 3724 omne

281 3760 435 3827 Moestnm
452 3782 488 3823 ac
503 3759 656 3824 solicitum
672 3774 719 3825 cst
732 3760 866 3823 cantoris
881 3773 979 3825 morte
996 3762 1137 3846 Tigelli3

282 3861 407 3946 Quippe
422 3860 573 3944 benignus
589 3873 671 3924 erat:
696 3874 802 3923 contra
816 3861 868 3925 hic
882 3884 923 3924 ne
936 3865 1085 3950 prodigus
1100 3892 1166 3936 esse

280 3964 416 4029 Dicatur
429 3981 582 4040 metuens,
597 3961 682 4046 inopi
697 3960 770 4024 dare
784 3960 863 4025 nolit
877 3963 987 4045 amico,
1066 4028 1071 4034 ,
1253 3983 1274 4044 5
1363 3972 1370 3986 ·

279 4065 392 4150 Frigus
405 4087 467 4150 quo
481 4065 651 4149 duramque
666 4062 778 4126 famem
793 4062 947 4148 depellere
961 4069 1068 4151 possit.

280 4169 378 4234 Hunc
393 4168 418 4231 si
433 4165 630 4253 perconteris,
646 4164 697 4229 avi
712 4177 872 4251 curatque
885 4171 1022 4254 parentis
