2872 5010
510 447 543 496 Q·
567 446 711 491 nonnil
736 445 861 491 FLACCl

484 681 579 746 ODE
605 683 672 746 XI.
719 678 772 755 (u.
798 686 884 764 xix.)

526 872 572 913 AI)
597 872 628 916 Q·
652 869 838 913 alumenu.

234 1011 324 1085 Qum
340 1003 504 1068 bellicosus
519 1001 676 1065 Cantaber
690 1013 722 1065 et
737 999 879 1084 Scythes,

235 1105 370 1190 Hirpine
386 1102 524 1182 Quincti,
540 1102 667 1186 cogitet,
683 1102 784 1167 Adria

276 1207 407 1270 Divisus
421 1205 551 1290 objecto,
563 1204 701 1268 remittas

319 1310 483 1385 Quaerere3
508 1327 565 1368 nec
580 1304 714 1389 trepides
729 1304 761 1367 in
775 1326 865 1368 usum

234 1407 394 1474 Poscentis
409 1407 470 1471 oevi
484 1428 599 1491 pauca:
621 1406 704 1490 fugit
718 1419 798 1470 retro

236 1511 330 1575 Levis
340 1510 489 1593 juventus
503 1520 534 1572 et
549 1508 652 1583 decor,
669 1506 754 1570 arido

277 1610 418 1675 Pellcnte
433 1610 563 1674 lascivos
578 1630 695 1672 amores

322 1710 445 1776 Canitie
459 1711 643 1796 facilemque
657 1730 806 1774 somnum.

235 1815 308 1877 Non
324 1834 443 1896 semper
453 1812 534 1875 idem
550 1810 676 1876 floribus
692 1823 738 1874 est
752 1811 849 1875 honos

236 1915 357 1987 Vernis,
373 1934 472 1996 neque
487 1934 549 1974 uno
566 1913 659 1975 Luna
673 1913 787 1975 rubens
803 1913 882 1977 nitet

279 2015 392 2077 Vultu:
417 2013 492 2097 quid
507 2010 629 2075 aeternis
645 2011 792 2075 minorem

321 2113 468 2179 Consiliis
483 2111 620 2176 animum
634 2112 770 2196 fatigas?

237 2220 302 2282 Cur
317 2237 378 2281 non
394 2216 451 2280 sub
467 2214 529 2278 ulta
544 2213 594 2277 vel
609 2213 734 2297 platano
748 2214 797 2280 vel
813 2214 871 2280 linc

237 2320 320 2383 Pinu
330 2319 469 2403 jacentes
484 2317 528 2381 sic
543 2329 668 2395 temere,
685 2330 716 2381 et
730 2339 798 2382 rosa
864 2336 869 2345 ·

280 2422 383 2483 Canos
398 2418 515 2483 odorati
532 2418 670 2501 capillos,

322 2521 408 2583 Dum
423 2519 508 2595 licet,
521 2519 712 2605 Assyrioque
727 2524 823 2587 nardo

236 2623 385 2685 Potsmus
398 2620 508 2684 uncti?
530 2619 661 2705 dissipat
676 2623 776 2687 Evius

235 2722 336 2785 Curss
350 2722 476 2785 edoces:
500 2722 570 2806 quis
585 2743 663 2805 puer
676 2745 770 2809 ocyus

278 2822 465 2905 llcstinguct
479 2823 615 2888 ardentis
630 2824 757 2889 Falerni

321 2925 439 2988 Pocula
453 2938 659 3008 praetereunte
674 2925 826 3011 lympha?

235 3025 313 3104 Quis
327 3025 452 3091 devium
463 3042 597 3092 scortum
612 3026 714 3091 eliciet
729 3028 820 3094 domo

236 3129 370 3213 Lyden?
393 3130 519 3206 ebuma‚
535 3129 586 3194 dic
600 3151 668 3214 sge,
683 3152 753 3193 cum
769 3130 835 3216 lyra

277 3231 429 3308 Motum,
443 3230 622 3306 incomtom,
640 3230 787 3295 Lscaenoe

321 3333 424 3408 More,
439 3351 556 3394 comam
571 3330 701 3415 religata
716 3334 807 3398 nodo.

479 3663 574 3728 ODE
600 3667 686 3730 XII.
732 3665 787 3745 (m.
804 3673 888 3749 xvi.)

533 3850 580 3889 An
605 3849 841 3893 MAECENATEM.

235 3980 342 4045 Nouis
359 3982 451 4067 longs
464 3983 537 4048 ferae
552 3974 633 4050 bello
648 3990 838 4064 Numanum,

235 4084 302 4148 Nec
317 4084 428 4149 durum
445 4077 646 4165 Annibalem}
661 4077 718 4154 nee
735 4089 873 4155 Siculum
891 4114 973 4156 more
