2872 5010
437 474 680 529 nrlsronssmr
705 478 773 527 mn.
796 484 820 526 ι.
842 467 895 530 15.
1089 466 1153 549 187

159 633 275 718 Meque
289 645 321 697 et
338 644 384 697 te:
406 650 490 710 nom,
506 655 577 720 quae
592 635 713 700 deserto
728 649 759 699 et
774 635 931 721 inhospita
945 647 1053 723 tesqus

159 735 281 813 Credis,
297 756 420 802 amoens
434 750 525 800 vocet
540 760 660 802 mecum
677 738 728 824 qui
746 739 852 817 sentit,
868 752 900 802 et
914 740 981 804 odit
1111 744 1153 804 20

157 837 236 912 Quae
251 848 286 900 tu
300 835 432 921 pubbro
446 851 549 921 putas.
595 840 713 904 Fornix
729 840 785 905 tibi
800 854 832 905 et
847 853 941 906 uncto
954 843 1069 928 popius

158 938 321 1005 incutiunt
337 939 422 1004 urbis
437 941 637 1019 desiderium,
653 942 767 1019 vide03
789 954 820 1006 et
834 943 919 1028 quod

155 1040 303 1126 Angulos
319 1041 378 1104 iste
393 1040 470 1105 feret
485 1042 574 1126 piper
588 1056 620 1106 et
635 1054 686 1107 tus
700 1043 786 1108 ocius
801 1064 883 1118 uvs;

155 1142 224 1208 Nec
238 1143 342 1207 vicina
356 1145 462 1211 subest
477 1145 583 1208 vinum
599 1147 737 1229 praebere
752 1147 879 1211 toberns

122 1248 234 1324 ,θυῖε
248 1248 346 1331 possit
362 1247 440 1321 tibi;
464 1269 522 1312 nec
535 1248 681 1312 meretrix
696 1247 836 1327 tibicina,
852 1247 943 1333 cujus
1109 1249 1152 1311 25

156 1349 210 1410 Ad
226 1350 389 1432 strepitum
405 1350 496 1413 salios
511 1364 602 1414 terrae
618 1349 738 1432 gravis:
763 1363 794 1412 et
809 1362 911 1413 tomen
927 1370 1052 1432 urgues¹

155 1450 177 1511 J
180 1450 349 1531 nmpridem
365 1471 426 1512 uon
443 1461 524 1512 tecto
538 1449 695 1532 ligonibus
710 1471 794 1524 arvo,
810 1451 980 1533 bovemque

155 1552 356 1636 Disjunctum
373 1573 471 1626 curas,
488 1563 519 1614 et
535 1551 649 1614 striclis
662 1550 825 1614 frondibus
841 1550 965 1635 exples:

154 1653 258 1717 Addit
273 1677 351 1737 opus
366 1653 456 1738 pigro
471 1652 567 1730 rivus,
584 1652 609 1715 si
624 1652 740 1716 decidit
754 1652 863 1728 imber,

156 1755 263 1819 Mults
279 1756 358 1819 mole
374 1756 531 1819 docendus
547 1755 650 1839 aprico
669 1776 794 1839 parcere
809 1765 908 1838 preto.
1110 1756 1154 1818 30

156 1858 262 1935 Nunc,
279 1879 347 1941 ogs,
364 1857 439 1942 quid
455 1869 594 1920 nostrum
610 1870 793 1922 concentum
809 1855 941 1935 dividat,
957 1857 1040 1920 sudi.

156 1960 255 2036 Quem
272 1971 379 2023 tenues
395 1960 526 2023 decuere
540 1972 622 2044 togae
636 1960 790 2046 nitidique
804 1958 920 2044 capilli,

155 2060 255 2132 Quem
272 2061 332 2125 scis
346 2061 514 2126 immunem
532 2063 657 2127 Cinorae
672 2061 825 2147 placuisse
839 2060 955 2145 rapaci,

155 2164 254 2239 Quem
270 2162 410 2226 bibulum
427 2162 539 2246 liquidi
553 2164 656 2228 medio
670 2165 710 2228 de
724 2164 795 2228 luce
810 2162 949 2239 Falerni,

155 2265 257 2328 Coeno
270 2263 372 2328 brevis
382 2265 487 2348 juvet,
502 2277 534 2329 et
548 2285 644 2349 prope
659 2265 760 2328 rivum
777 2286 902 2329 somnus
917 2265 950 2327 in
965 2264 1081 2328 herbo:
1108 2266 1151 2328 35

154 2367 222 2429 Nec
237 2366 347 2429 lusisse
363 2366 472 2450 pudet,
487 2366 542 2431 sed
556 2388 619 2432 non
635 2366 772 2431 incidero
787 2365 907 2430 ludum.

153 2469 226 2531 Non
240 2467 311 2530 istic
326 2466 451 2552 obliquo
465 2469 556 2532 oculo
571 2489 640 2534 mcc
655 2469 817 2533 commodo
831 2468 994 2554 quisquam

157 2569 283 2640 Limot3
308 2591 369 2631 non
385 2569 457 2632 odio
471 2571 600 2635 obscuro
614 2592 779 2657 morsuque
793 2584 944 2638 venenat:

157 2669 278 2733 Rident
293 2669 389 2733 vicini
404 2670 510 2755 glebas
525 2685 556 2736 et
570 2694 643 2738 saxa
657 2685 840 2738 moventem.

158 2774 239 2835 Cum
256 2772 352 2836 servis
367 2774 484 2839 urbana
497 2774 594 2839 diaria
610 2775 717 2840 rodere
732 2775 848 2849 mevis3
1109 2781 1151 2841 tu

157 2874 281 2937 Horum
298 2887 332 2938 tu
348 2875 379 2938 in
395 2896 557 2940 numerum
574 2891 647 2942 roto
660 2877 744 2942 ruis:
769 2878 889 2943 invidet
902 2898 992 2943 usum

157 2974 330 3060 Lignorum
347 2992 377 3042 ct
392 2979 510 3064 pecoris
525 2980 582 3044 tibi
603 2980 670 3044 colo
684 2993 823 3066 argutus,
839 2993 871 3045 et
885 2980 978 3046 horti.

157 3078 254 3162 Optat
269 3080 416 3165 ephippia
430 3083 498 3160 bos,
514 3082 602 3167 piger
616 3093 705 3164 optat
718 3103 804 3146 erere
818 3082 955 3146 caballus
968 3108 975 3145 ε

156 3181 257 3252 Quom
274 3183 332 3247 scit
347 3197 488 3269 uterque,
502 3184 615 3262 libens,
631 3185 772 3261 censebo,
787 3196 927 3248 exercent
942 3197 1047 3249 ortem.

461 3373 606 3380 -——.—
613 3374 712 3380 -..—--
718 3374 844 3383 -..--..-

487 3489 723 3554 EPISTOLA
747 3491 822 3553 XV.

436 3654 484 3696 Ab
516 3651 706 3695 montorium
739 3653 872 3694 vuum.

154 3796 233 3871 Qus
248 3792 289 3856 sit
303 3791 402 3856 hiems
419 3791 528 3869 Veline,
543 3789 627 3876 quod
642 3789 766 3868 coelum,
784 3791 872 3872 Vols,
890 3791 1021 3873 salomi,

154 3897 294 3973 Quorum
309 3893 469 3958 hominum
484 3893 582 3978 regio,
598 3904 629 3956 et
644 3892 744 3978 qualis
760 3894 827 3959 via:
846 3893 932 3974 (nem
948 3897 1026 3962 mihi
1043 3895 1136 3960 Boios

154 3999 250 4062 Musa
264 4018 469 4080 supervacuas
480 3996 652 4075 Antonius,
664 4010 696 4060 et
712 4009 815 4063 tumen
830 3999 892 4063 illis

153 4098 212 4163 Me
226 4100 301 4164 facit
316 4099 463 4176 invisum,
478 4100 582 4182 gelido
597 4120 666 4163 cum
683 4101 806 4185 perluor
820 4101 906 4164 undo

155 4202 216 4265 Per
230 4202 368 4266 medium
382 4199 503 4286 frigus:
528 4223 602 4266 sone
617 4214 751 4267 murteta
766 4201 910 4284 relinqui,
1128 4205 1149 4263 5
