2872 5010
425 467 613 510 ‹snunuuuu
639 463 704 514 mn.
736 467 772 510 u.
797 447 848 510 16.

180 624 252 685 Non
268 619 350 684 enim
366 637 463 703 gazeo,
479 640 580 700 neque
595 619 763 683 consuleris

179 727 359 788 Summovct
375 721 463 784 lictor
478 720 608 783 miseros
623 722 777 785 tumultus

176 827 306 903 Mentis,
321 839 351 888 et
366 845 455 887 curos
469 823 612 907 laqueato
627 823 742 888 circum

306 928 407 990 Tecta
423 925 572 989 volantes,

177 1029 302 1092 Vivitur
316 1050 411 1112 parvo
427 1027 516 1103 bene,
532 1027 583 1090 cui
600 1041 762 1111 paternum

178 1132 328 1216 Splendet
348 1131 379 1194 in
396 1151 501 1193 menso
516 1130 601 1194 tenui
618 1131 770 1202 salinum;

177 1237 244 1299 Nec
258 1235 341 1298 leves
356 1254 477 1297 somnos
493 1233 585 1296 timor
599 1246 653 1297 sut
668 1233 782 1317 cupido

306 1335 457 1400 Sordidus
471 1335 580 1399 oulert.

176 1439 260 1518 Quid
275 1438 362 1502 brevi
378 1438 472 1501 fortes
482 1436 658 1520 jaculamur
672 1458 739 1499 aevo

175 1542 304 1605 Multo?
327 1540 404 1625 quid
420 1553 514 1602 terres
529 1539 591 1602 olio
605 1538 739 1602 calentes

175 1645 246 1709 Sole
263 1645 444 1707 mutamus?
469 1641 579 1725 patriae
593 1641 663 1726 quis
679 1641 766 1704 exsul

305 1749 345 1809 Se
360 1766 481 1828 quoque
495 1743 602 1828 fugit?

175 1846 305 1912 Scandit
320 1861 430 1911 aeretns
445 1846 555 1910 vitiosa
571 1868 665 1910 naves

174 1953 280 2023 Curat
304 1973 361 2015 nec
377 1963 493 2014 turmas
508 1948 646 2034 equitum
667 1947 824 2032 relinquit,

80 2095 93 2112 =
174 2055 268 2119 Ocior
282 2053 391 2129 cervis,
408 2066 438 2115 et
454 2065 566 2135 agente
581 2052 702 2116 nimbos

302 2156 396 2219 Ocior
410 2155 508 2217 Euro.

173 2260 283 2321 Laetus
297 2258 328 2320 in
346 2277 481 2341 praesens
496 2256 629 2331 unimus,
645 2254 729 2337 quod
743 2253 826 2318 ultra
842 2267 899 2330 est,

173 2361 285 2425 Oderit
299 2382 417 2435 curere,
433 2371 465 2421 et
479 2379 583 2421 amaro
597 2357 682 2419 lento

173 2465 343 2547 Temperet
357 2463 430 2525 risu.
477 2461 507 2522 N
511 2480 590 2523 ruri
605 2472 652 2522 est
672 2459 711 2522 ab
726 2459 809 2522 omni

301 2568 396 2629 Parte
410 2565 545 2627 beatum.

172 2666 315 2731 Abstulit
331 2666 447 2731 clarum
462 2665 525 2729 cito
539 2685 621 2727 mors
636 2661 788 2727 Achillem
802 2688 811 2735 ;

172 2770 285 2854 Longa
300 2767 476 2832 Tithonum
494 2767 606 2830 minuit
621 2776 780 2838 senectus;

172 2873 218 2935 Et
232 2871 310 2934 mihi
325 2870 438 2947 forsan,
456 2869 512 2934 tibi
527 2869 610 2955 quod
626 2864 758 2952 negdrit,

300 2973 444 3057 Porriget
460 2975 558 3036 Hora.

172 3078 222 3139 Te
237 3098 346 3160 greges
362 3089 485 3138 centum
504 3076 679 3161 Siculaeque
695 3076 809 3139 circum

172 3179 325 3262 Mugiunt
341 3199 464 3252 vaccae3
489 3177 546 3242 tibi
563 3178 645 3241 tollit
663 3178 820 3241 hinnitum

170 3283 257 3365 Apta
272 3279 431 3365 quadrigis
445 3302 543 3364 equa3
569 3293 599 3344 te
614 3281 662 3344 bis
678 3279 755 3342 Afro

301 3381 425 3445 Murice
440 3381 545 3445 tinctae

171 3484 316 3548 Vestiunt
330 3484 430 3548 lonae:
456 3484 533 3547 mihi
548 3506 644 3569 parva
658 3507 742 3561 rura,
757 3499 789 3548 et

172 3586 321 3670 Spiritum
339 3586 445 3651 Grsiae
461 3601 584 3651 tenuem
602 3589 762 3650 Camoeuae

170 3688 269 3753 Parca
283 3710 345 3752 non
362 3689 495 3751 mendax
510 3687 608 3762 dedit,
625 3700 656 3749 et
671 3687 840 3771 malignum

300 3793 451 3873 Spernere
467 3789 590 3872 vulgus.
642 3783 647 3788 ’

440 4098 786 4109 η--Ψ-ᾑ
