2872 5010
271 448 335 531 174
597 475 626 519 o.
653 470 797 513 riccarii
824 471 946 514 rnaccr

271 618 360 695 Quid
372 620 568 686 mihiCelsus
581 622 665 707 agit?
679 622 816 686 monitus
826 622 1019 706 multumque
1031 621 1218 700 monendus,
1231 625 1279 687 15

269 723 412 788 Privatus
427 738 462 788 ut
476 741 596 809 quaerat
611 749 695 810 opes,
711 740 742 789 et
759 740 884 809 tangere
901 725 977 788 vitet

271 826 405 910 Scripta,
423 827 586 891 Palatinus
600 849 804 911 quaecumque
824 828 938 911 recepit
956 826 1089 910 Apollo;

269 927 331 1006 Ne,
346 928 372 990 si
387 928 466 991 forte
481 952 551 993 suas
566 930 731 1014 repetitum
748 929 866 992 venerit
881 928 953 991 olim

269 1030 356 1094 Grex
372 1031 475 1093 avium
493 1032 625 1114 plumas,
643 1045 764 1095 moveat
779 1030 936 1094 cornicula
950 1030 1045 1093 risum

269 1133 409 1197 Furtivis
425 1134 543 1197 nudata
558 1134 721 1197 coloribus.
768 1134 841 1215 Ipse
855 1131 931 1215 quid
946 1132 1065 1195 audes?
1227 1134 1273 1196 20

269 1235 348 1313 Quae
363 1234 591 1298 circumvolitas
607 1235 697 1318 agilis
713 1233 844 1317 thyma?
868 1255 929 1296 non
947 1234 1003 1297 tibi
1019 1254 1147 1319 parvum

270 1336 449 1420 Ingenium,
466 1358 528 1399 non
543 1336 695 1400 incultum
716 1351 774 1414 est,
790 1358 847 1399 nec
864 1336 995 1421 turpiter
1009 1335 1135 1400 hirtum.

269 1439 333 1502 Seu
347 1437 484 1521 linguam
501 1438 600 1501 causis
616 1439 712 1515 acuis,
729 1461 783 1501 seu
799 1439 897 1503 civica
905 1440 978 1523 jura

269 1540 474 1625 Respondere
489 1562 591 1624 paras,
608 1563 662 1604 seu
678 1541 785 1604 condia
801 1541 933 1605 amabile
948 1561 1069 1604 carmen
1082 1565 1091 1611 ς

269 1639 375 1704 Prima
389 1641 469 1705 feres
488 1641 611 1706 hederae
627 1643 761 1707 victricis
777 1643 920 1727 praemia:
945 1642 1067 1727 quodsi
1224 1646 1267 1706 25

271 1743 404 1828 Frigida
419 1767 561 1808 curarum
576 1745 713 1808 fomenta
728 1746 899 1829 relinquere
914 1767 1028 1828 posses,

269 1847 341 1925 Quo
356 1859 387 1909 tc
402 1847 536 1910 coelestis
552 1847 704 1928 sapientia
718 1847 856 1922 duceret,
872 1846 939 1910 ires.

268 1950 343 2012 Hoc
358 1969 446 2031 opus,
463 1948 521 2010 hoc
535 1948 672 2009 studium
689 1948 775 2029 parvi
792 1970 990 2031 properemus
1004 1965 1036 2013 ct
1051 1948 1156 2032 ampli,

269 2049 303 2113 si
318 2049 427 2133 patriae
443 2048 596 2124 voiumus,
613 2048 638 2109 si
654 2048 742 2111 nobis
758 2048 861 2111 vivere
876 2050 949 2113 cari.

267 2148 373 2214 Debes
388 2149 448 2213 hoc
463 2149 556 2213 etiam
573 2149 751 2226 rescribere,
768 2150 793 2212 si
809 2150 866 2213 tibi
882 2174 976 2227 curae,

267 2252 402 2330 Quantae
417 2252 594 2329 conveniat,
608 2251 792 2316 Munatius:
817 2276 856 2317 an
873 2255 954 2319 male
969 2268 1050 2318 sarta

268 2355 381 2419 Gratia
395 2356 597 2441 nequicquam
613 2355 686 2433 coit,
698 2371 729 2418 et
744 2357 952 2421 rescinditur?
975 2361 1023 2420 At
1038 2379 1092 2419 vos

269 2457 332 2521 Seu
347 2458 466 2522 caiidus
483 2459 621 2543 sanguis,
638 2482 692 2522 seu
706 2480 807 2523 rerum
825 2459 947 2524 inscitia
962 2475 1064 2543 vexat,

267 2559 426 2623 Indomita
441 2561 559 2624 cervice
582 2561 683 2636 feros,
708 2562 884 2647 ubicunque
898 2563 1033 2627 locomm

268 2660 394 2736 vivitis,
410 2661 531 2746 indigni
546 2662 716 2727 fraternum
732 2687 876 2749 rumpere
889 2666 1001 2740 foedus,
1219 2665 1263 2727 35

265 2761 408 2826 Pascitur
423 2764 454 2825 in
471 2779 605 2826 vestrum
623 2766 755 2828 reditum
773 2768 877 2830 votiva
885 2769 1031 2851 juvenca.

598 3002 926 3013 ,σῇ-Ἦ.-

602 3168 837 3232 EPISTOLA
864 3172 921 3233 IV.

555 3340 601 3380 Ab
626 3341 758 3383 anulum
784 3344 971 3388 manuum.

263 3472 369 3548 Arm,
384 3483 556 3533 nostrorum
573 3492 746 3535 sermonum
764 3476 895 3539 candide
905 3478 1016 3561 judex,

263 3571 349 3650 Quid
363 3594 446 3635 nunc
462 3585 492 3635 te
512 3572 613 3637 dicam
628 3573 728 3640 facere
745 3576 776 3640 in
792 3578 916 3664 regione
933 3581 1084 3646 Pedana?

264 3673 404 3738 Scribere
419 3676 502 3759 quod
519 3678 608 3742 Cassi
623 3679 799 3747 Parmensis
814 3682 962 3767 opuscula
977 3683 1106 3747 vincat?

262 3777 317 3839 An
333 3775 460 3838 tacitum
477 3778 570 3842 silvas
586 3781 666 3843 inter
680 3798 801 3867 reptare
815 3785 963 3863 salubres,

263 3879 431 3942 Curantem
450 3878 596 3961 quicquid
612 3882 741 3961 dignum
758 3887 896 3967 sapiente
911 3886 1052 3972 bonoque
1067 3891 1139 3950 est?
1235 3891 1256 3950 5

262 3981 336 4046 Non
352 3993 386 4044 tu
401 4000 511 4063 corpus
525 3984 591 4040 eras
607 3978 673 4040 sine
688 3997 819 4062 pectore.
866 3986 922 4047 Dii
937 3986 993 4050 tibi
1009 3988 1150 4067 formam,

262 4083 319 4147 Dii
335 4083 391 4147 tibi
406 4080 530 4146 divitias
545 4079 708 4158 dederunt,
724 4097 881 4168 artemque
896 4085 1029 4152 fruendi.

262 4185 346 4260 Quid
363 4198 473 4249 voveat
488 4183 572 4247 dulci
586 4182 741 4247 nutricula
757 4186 855 4269 majus
869 4187 1004 4267 alumno,
