2872 5010
510 504 699 547 anonumum
726 507 790 546 ms.
810 507 832 547 1.
851 485 880 547 1.

203 654 258 718 Nil
272 654 346 717 satis
361 668 418 729 est,
434 653 555 738 inquit;
572 655 645 738 quia
660 655 749 729 tanti,
765 666 915 739 quantum
929 653 1055 732 habeas,
1071 656 1121 718 sis.

204 755 289 833 Quid
303 754 397 818 facias
411 754 482 817 illi?
500 755 611 838 jubeas
627 754 772 818 miserum
787 777 864 831 csse,
880 755 1012 820 libenter

204 859 366 934 Quatenus
381 856 412 918 id
425 855 517 918 facit:
535 870 570 918 ut
584 857 709 941 quidam
726 871 913 919 memoratur
928 857 1059 922 Athenis

206 958 356 1021 Sordidus
370 980 406 1021 ac
417 958 516 1034 dives,
532 958 640 1042 populi
655 971 849 1021 contemnere
866 980 955 1021 voces

207 1058 259 1122 Sic
273 1059 403 1132 solitus3
427 1058 567 1143 Populus
581 1081 630 1123 me
645 1059 759 1136 sibilat,
775 1073 807 1122 at
822 1059 899 1122 mihi
914 1059 1029 1143 plaudo

208 1161 280 1243 Ipse
293 1160 389 1235 domi,
405 1161 497 1223 simul
512 1182 547 1224 ac
561 1183 703 1224 nummos
718 1163 908 1246 contemplor
922 1163 954 1224 in
970 1186 1050 1228 arca

207 1261 361 1326 Tantalus
376 1285 394 1326 a
408 1263 501 1326 labris
517 1264 623 1327 sitiens
637 1264 789 1347 fugientia
804 1278 908 1348 captat

205 1363 368 1427 Flumina:
386 1365 460 1448 quid
478 1365 582 1428 rides?
606 1379 726 1429 mutato
740 1367 866 1430 nomine
881 1368 920 1431 de
936 1381 966 1432 te

206 1468 324 1531 Fabula
339 1479 495 1531 narratur:
520 1469 674 1551 congestis
690 1468 827 1551 undique
842 1469 938 1531 saccis

208 1568 363 1631 indormis
378 1568 513 1645 inhians,
528 1582 559 1631 et
574 1583 719 1652 tanquam
735 1589 859 1650 parcere
874 1568 967 1632 sacris

208 1670 348 1754 Cogeris,
364 1683 418 1733 aut
433 1670 524 1752 pictis
540 1683 685 1754 tanquam
700 1668 835 1751 gaudere
850 1668 983 1733 tabellis.

209 1771 320 1834 Nescis
334 1792 395 1855 quo
410 1770 511 1833 valeat
526 1791 682 1845 nummus,
697 1789 787 1853 quem
803 1771 939 1852 praebcat
954 1777 1068 1834 usum?

210 1872 306 1937 Panis
321 1885 451 1945 ematur,
467 1871 547 1948 olus,
563 1871 628 1933 viui
643 1871 816 1934 sextarius:
834 1873 925 1950 adde,

209 1975 306 2052 Queis
322 1974 456 2037 humana
470 1973 529 2037 sibi
543 1973 646 2037 doleat
660 1986 771 2037 natura
785 1973 915 2057 negatis.

210 2077 260 2137 An
277 2075 403 2159 vigilare
419 2088 504 2139 metu
518 2075 700 2152 exanimem,
717 2089 882 2160 noctesque
897 2076 1023 2162 diesque

210 2176 237 2238 F
237 2177 389 2240 ormidarc
404 2176 500 2239 maios
516 2177 611 2252 fures,
625 2176 779 2251 incendia,
796 2198 912 2255 servos,

212 2278 262 2340 Ne
277 2291 307 2340 te
318 2277 486 2361 compilent
499 2276 676 2361 fugientes:
693 2275 752 2340 hoc
763 2277 878 2360 juvat?
901 2278 1012 2343 horum
1041 2308 1044 2313 ·

211 2379 341 2463 Semper
355 2400 413 2461 ego
428 2377 560 2460 optarim
576 2379 789 2461 pauperrimus
804 2400 870 2443 esse
884 2381 1044 2445 bonorum.

212 2482 256 2542 At
272 2479 297 2542 si
312 2478 471 2543 condoluit
487 2491 639 2543 tentatum
654 2479 769 2563 frigore
784 2503 905 2565 corpus,

213 2582 278 2643 Aut
292 2580 371 2643 alius
385 2603 474 2645 casus
490 2581 569 2644 lecto
584 2594 614 2644 te
629 2580 747 2656 affixit;
765 2581 861 2645 habes
874 2583 929 2668 qui

181 2750 186 2761 ,
213 2682 366 2760 Assideat,
382 2683 517 2747 fomenta
532 2697 629 2767 paret,
646 2684 797 2748 medicum
813 2697 901 2768 roget
916 2699 951 2750 ut
966 2699 997 2750 te

214 2782 350 2848 Suscitet
365 2807 401 2849 ac
416 2786 525 2850 reddat
540 2786 620 2849 natis
636 2787 775 2871 carisque
790 2787 990 2871 propinquis?
1013 2789 1017 2796 ’

213 2885 285 2948 Non
301 2908 378 2949 uxor
392 2886 511 2951 salvum
528 2901 557 2951 te
573 2887 652 2964 vuit,
667 2910 728 2951 non
743 2889 843 2953 iilius:
867 2912 972 2955 omnes

215 2986 316 3066 Vicini
331 2990 473 3068 oderunt,
489 2989 567 3067 noti,
582 2991 670 3074 pueri
684 3006 776 3075 atque
791 2992 913 3076 puellae.

214 3088 351 3168 Miraris,
367 3113 436 3154 cum
453 3103 488 3154 tu
503 3106 629 3175 argento
644 3107 714 3176 post
729 3093 832 3156 omnia
846 3115 953 3177 ponas,

216 3190 249 3253 Si
265 3213 355 3254 nemo
370 3206 497 3276 praestet
512 3215 603 3278 quem
619 3216 681 3257 non
696 3195 840 3258 mercaris
855 3201 1014 3260 amorem?

215 3295 265 3355 Au
281 3295 307 3357 si
323 3310 480 3378 cognatos,
496 3296 582 3359 nullo
597 3309 708 3360 natura
723 3297 826 3359 labore

216 3399 301 3474 Quos
316 3396 373 3459 tibi
387 3397 453 3475 dat,
469 3398 599 3461 retinere
615 3397 691 3460 velis
706 3419 888 3483 servareque
904 3399 1037 3472 amicos;

216 3498 332 3562 Infelix
346 3522 468 3584 operam
484 3501 606 3585 perdas,
622 3514 658 3563 ut
671 3500 765 3585 siquis
781 3498 908 3562 asellum

217 3600 257 3664 In
274 3623 383 3686 campo
399 3603 508 3667 doceat
521 3614 679 3685 parentem
696 3622 816 3664 currere
830 3601 960 3664 fraenis?

217 3703 361 3788 Denique
375 3704 415 3766 sit
430 3702 500 3766 finis
514 3703 672 3787 quaerendi
684 3727 692 3776 ;
709 3724 830 3787 quoque
844 3701 958 3767 habeas
973 3703 1055 3787 pius,

215 3805 400 3888 Pauperiem
416 3820 535 3868 metuas
551 3803 664 3880 minus,
680 3816 712 3866 et
726 3804 815 3866 finire
830 3804 963 3868 laborem

216 3907 364 3990 Incipias,
380 3919 467 3990 parto
483 3906 565 3990 quod
581 3907 703 3982 urebas,
719 3928 757 3969 ne
772 3906 866 3970 facias
881 3909 965 3992 quod

215 4008 396 4072 Ummidius
411 4008 538 4092 quidam
555 4009 628 4087 (nou
643 4008 736 4091 longa
751 4021 798 4071 est
812 4008 932 4092 fabula)
950 4010 1036 4073 dives

216 4112 265 4176 Ut
278 4111 438 4174 metiretur
452 4131 605 4186 nummos,
620 4109 664 4173 ita
678 4111 819 4174 sordidus
835 4125 870 4174 ut
886 4134 918 4175 se

217 4216 289 4277 Non
304 4233 439 4297 uuquam
456 4234 544 4276 servo
559 4213 669 4276 melius
685 4213 821 4289 vestiret,
837 4214 877 4276 ad
890 4235 988 4296 usque

1029 4335 1046 4373 a
1062 4317 1083 4376 9

1181 491 1203 551 3
