2948 5422
235 477 298 539 180
511 510 514 516 ·
559 494 590 537 e.
614 487 761 531 nonanis
786 488 910 531 rnaccr

234 653 279 714 Et
294 669 457 734 properare
470 647 538 710 loco
553 658 584 709 et
599 668 729 720 cessare,
746 657 777 709 et
792 667 931 729 quaerere
945 656 976 707 et
993 644 1051 721 uti,

235 751 433 815 Gaudentem
449 748 616 834 parvisque
631 746 800 823 sodalibus,
816 759 848 810 et
863 747 927 810 lare
942 759 1037 824 certo,

233 855 279 917 Et
294 853 387 929 ludis,
403 864 519 936 etpost
535 849 639 913 decisa
653 848 779 932 negotia
795 850 926 932 Campo.

234 955 345 1019 Scituri
360 955 437 1027 libet
451 976 491 1017 ex
507 953 574 1036 ipso
589 972 781 1036 quaeeunque
795 951 909 1014 refers:
932 951 983 1015 dic
1195 952 1243 1017 60

233 1054 288 1118 Ad
304 1077 424 1119 coenam
441 1054 556 1117 veniat.
602 1054 675 1115 Non
692 1072 765 1115 sane
779 1052 903 1116 credere
918 1053 1034 1117 Mena:

234 1158 346 1221 Mirari
362 1179 464 1221 secum
481 1155 603 1219 tacitus.
648 1154 733 1229 Quid
749 1154 873 1217 multa?
898 1153 1051 1238 Benigne,

233 1259 424 1344 Respondet.
458 1259 486 1330 il
490 1259 594 1340 Neget
609 1255 662 1318 ille
677 1253 754 1317 mihi
767 1259 781 1317 ἵ
815 1255 952 1340 ilNegat
966 1255 1138 1340 improbus,
1154 1272 1190 1322 et
1207 1273 1240 1324 te

233 1357 375 1442 Negligit
389 1370 443 1421 aut
457 1356 571 1419 horret.
595 1353 788 1426 iqulteium
804 1377 895 1419 mane
910 1355 1078 1440 Philippus

231 1455 316 1519 Vilia
331 1456 515 1519 vendentem
532 1453 670 1517 tunicato
685 1466 787 1516 scruto
802 1452 926 1537 popello
1193 1455 1239 1520 65

232 1553 385 1635 Occupat,
401 1566 433 1616 et
448 1551 564 1615 salvere
574 1550 666 1634 jubet
681 1548 774 1633 prior.
820 1549 881 1613 Ille
897 1549 1046 1635 Philippo

231 1653 391 1716 Excusare
404 1653 550 1729 laborem,
567 1663 598 1714 et
612 1651 799 1714 mercenaria
814 1650 927 1728 vincla,

232 1755 324 1833 Quod
339 1776 401 1818 non
418 1776 507 1819 mane
522 1755 647 1818 domum
664 1753 799 1817 venisset
813 1780 820 1827 ;
845 1753 977 1838 denique
992 1755 1075 1838 quod
1090 1776 1155 1819 non

230 1857 430 1920 Providisset
444 1878 524 1919 eum.
571 1856 600 1926 il
605 1854 656 1918 Sic
671 1855 827 1938 ignovisse
841 1869 950 1938 putato

230 1958 292 2019 Me
309 1956 376 2031 tibi,
393 1956 419 2018 si
435 1976 540 2018 coenas
554 1954 648 2018 hodie
662 1977 793 2017 mecum.
828 1957 857 2027 ll
861 1958 909 2020 Ut
924 1957 1009 2020 libet.
1044 1958 1167 2043 ilErgo
1190 1957 1237 2042 70

228 2059 306 2122 Post
320 2079 433 2121 nonam
448 2057 573 2121 venies:
591 2056 674 2119 nunc
695 2056 718 2134 i,
734 2072 799 2121 rem
816 2071 960 2123 strenuus
973 2082 1108 2144 auge.—

229 2160 278 2223 Ut
293 2173 421 2223 ventum
437 2159 477 2223 ad
492 2180 611 2222 eoenam
628 2170 686 2236 est,
701 2158 834 2223 dicenda
851 2161 982 2225 tacenda
996 2162 1131 2241 locutus,

230 2261 374 2325 Tandem
387 2260 554 2324 dormitum
570 2259 748 2324 dimittitur.
795 2261 871 2338 Hic,
888 2262 943 2325 ubi
958 2285 1041 2347 saepe

228 2363 396 2426 Occultum
413 2363 499 2426 visus
514 2364 676 2427 decurrere
690 2363 783 2447 piscis
798 2365 837 2428 ad
853 2363 992 2441 hamum,

228 2466 328 2528 Mane
343 2465 440 2528 cliens
458 2479 489 2528 et
506 2465 572 2548 jam
590 2477 692 2528 certus
708 2465 849 2543 conviva,
861 2466 991 2550 jubetur
1189 2468 1235 2552 75
1288 2510 1293 2515 ·

227 2567 317 2629 Rura
332 2567 509 2629 suburbana
523 2566 649 2630 indictis
665 2588 766 2630 eomes
782 2567 825 2630 ire
842 2567 976 2631 Latinis.

228 2668 398 2751 Impositus
414 2668 549 2744 mannis,
566 2691 674 2731 arvum
690 2670 865 2754 coelumque
882 2669 1030 2733 Sabinum

227 2768 299 2829 Non
316 2781 414 2831 cessat
429 2769 575 2845 laudare3
599 2770 684 2831 videt
700 2772 841 2855 ridetque
858 2770 1043 2857 Philippus:

225 2871 271 2932 Et
287 2869 345 2933 sibi
361 2870 435 2931 dum
451 2869 599 2952 requiem,
616 2870 690 2931 dum
708 2871 787 2932 risus
802 2873 939 2957 undique
954 2875 1078 2956 quaerit‚

225 2970 311 3034 Dum
328 2984 443 3054 septem
462 2971 557 3033 donat
574 2971 723 3046 sestertia,
740 2985 848 3036 mutuo
864 2988 980 3058 septem
1184 2985 1233 3046 80

224 3073 398 3148 Promittit‚
414 3072 580 3157 persuadet
596 3071 641 3134 uti
657 3086 810 3136 mercetur
825 3077 972 3160 agellum.

226 3179 387 3241 Mereatur
400 3202 406 3238 :
431 3198 470 3239 ne
486 3187 516 3237 te
531 3174 634 3258 longis
650 3176 830 3259 ambagibus
841 3177 924 3242 ultra

225 3280 325 3355 Quam
342 3278 416 3340 satis
428 3290 474 3339 est
489 3299 608 3349 morer3
634 3299 672 3339 ex
687 3277 786 3340 nitido
802 3278 837 3341 fit
853 3279 999 3357 rusticus,
1016 3292 1109 3364 atque

226 3379 334 3441 Sulcos
349 3392 380 3441 et
397 3378 500 3440 vineta
516 3390 620 3460 crepat
637 3400 731 3458 mera,
748 3393 901 3464 praeparat
917 3382 1027 3460 ulmoS,
1056 3434 1060 3439 .

226 3480 407 3542 Immeritur
421 3479 532 3542 studiis
547 3492 579 3543 et
594 3501 696 3543 amore
712 3483 842 3545 senescit
858 3482 1002 3548 habendi.
1181 3492 1228 3552 85

224 3583 339 3644 Verum
351 3581 405 3645 ubi
419 3604 492 3644 oves
502 3582 596 3658 furto,
613 3584 718 3645 morbo
733 3584 850 3667 periere
866 3586 1004 3668 capelloe,

184 3743 186 3746 ,
226 3684 318 3764 Spem
336 3683 465 3746 mentita
480 3706 578 3767 seges,
595 3687 649 3748 bos
664 3699 710 3748 est
725 3700 852 3749 euectus
867 3688 1001 3760 arando;

224 3784 369 3847 Offensus
383 3785 516 3863 damnis,
533 3787 635 3849 media
649 3788 688 3849 de
703 3801 794 3851 noete
808 3788 961 3852 caballum

222 3883 351 3966 Arripit,
368 3882 524 3965 iratusque
541 3886 681 3969 Philippi
699 3889 799 3951 tendit
814 3891 854 3953 ad
870 3893 969 3956 aedcs:

222 3988 320 4063 Quem
338 3984 429 4047 simul
444 3985 563 4067 aspexit
578 3988 719 4048 scabrum
736 3989 955 4076 intonsumque
972 3992 1152 4078 Philippus,
1179 4001 1224 4068 90

224 4089 340 4162 Durus,
356 4087 410 4162 ait,
426 4085 544 4161 Vultei,
561 4086 652 4149 nimis
668 4101 865 4173 attentusque
883 4094 998 4158 videris

225 4188 300 4252 Esse
315 4189 402 4252 milri.
449 4189 518 4261 l’ol,
537 4211 585 4254 me
601 4189 757 4266 miserum,
774 4205 915 4273 patrone,
931 4218 1065 4271 vocares,
