2872 5010
496 484 685 528 canumque
711 487 779 529 mn.
802 486 857 527 111.
880 466 932 532 29·

230 660 384 724 Inclinare
399 656 557 721 meridiem

273 761 396 831 Sentis;
421 781 468 834 ae,
485 759 582 822 veluti
598 773 658 823 stet
673 760 807 824 volucris
822 759 900 839 dies,

230 865 336 928 Parcis
351 863 489 946 deripere
504 861 612 924 horreo

273 969 451 1030 Cessantom
469 965 576 1026 Bibuli
592 967 726 1029 consulis
742 967 931 1051 amphoram.

228 1071 295 1132 Nos
310 1067 501 1131 cantabimus
516 1067 647 1129 invicem

271 1171 465 1252 Neptunum,
481 1182 513 1231 et
528 1169 641 1232 virides
657 1172 828 1236 Nereidum
844 1195 964 1237 comas:

228 1274 283 1336 Tu
298 1294 394 1335 curva
409 1271 525 1333 recines
540 1272 608 1354 lyra

269 1376 435 1448 Latonam,
451 1387 482 1436 et
498 1372 605 1435 celeris
621 1374 740 1456 spicula
755 1377 920 1459 Cynthiae:

229 1479 357 1539 Summo
372 1473 517 1550 carmine,
534 1496 604 1556 quae
621 1475 745 1538 Cnidon

272 1577 507 1660 Fulgentesque
523 1588 608 1638 tenet
624 1575 790 1659 Cycladas,
806 1590 837 1639 et
855 1578 986 1662 Paphon

228 1683 250 1743 J
254 1680 355 1742 unctis
371 1679 443 1741 visit
458 1678 609 1741 oloribus:

271 1783 403 1845 Dicetur
417 1781 526 1844 merita
543 1781 615 1842 Nox
632 1800 755 1863 quoque
770 1782 883 1850 naenia.

488 2018 609 2027 ῃ..-
613 2018 875 2027 ...Μ

447 2185 542 2245 ODE
569 2183 715 2244 XXIX.
762 2181 818 2257 (u.
834 2187 917 2262 xix.)

530 2348 576 2387 AD
599 2346 836 2390 MAECENATEM·

226 2468 429 2529 'rennuens
445 2485 552 2545 regum
569 2462 742 2546 progenies,
758 2462 815 2526 tibi

228 2570 301 2633 Nou
317 2580 389 2631 ante
405 2587 493 2628 verso
507 2564 576 2627 lene
591 2585 707 2627 merum
723 2565 800 2628 cado

271 2673 350 2734 Cum
367 2667 452 2743 flore,
469 2666 638 2742 Maecenas,
650 2688 798 2745 rosarum,
813 2682 844 2731 et

312 2772 423 2834 Pressa
438 2770 499 2832 tuis
513 2769 641 2833 balanus
655 2769 775 2853 capillis

226 2877 249 2938 J
251 2874 419 2938 amdudum
435 2874 518 2956 apud
535 2894 583 2934 me
598 2887 663 2934 est:
689 2873 772 2956 eripe
788 2888 818 2937 te
832 2895 947 2954 morae;

226 2979 273 3041 Ut
288 2976 517 3060 semper-udum
536 2975 639 3038 Tibur
654 2987 685 3038 et
700 2976 822 3038 AEsulae

270 3080 401 3144 Declive
415 3078 630 3161 contempleris
645 3099 764 3155 arvum,
780 3092 811 3142 et

312 3181 464 3263 Telegoni
475 3181 555 3264 juga
569 3180 739 3262 parricidae.

228 3283 433 3347 Fastidiosam
449 3283 554 3345 desere
566 3281 697 3365 copiam,
713 3297 744 3346 et

228 3385 346 3450 Molem
363 3385 565 3470 propinquam
581 3385 716 3450 nubibus
731 3386 853 3451 arduis:

269 3487 388 3551 Omitte
404 3487 507 3550 mirari
523 3487 622 3550 beatae

312 3591 447 3653 Fumum
464 3603 496 3651 et
511 3610 584 3671 opes
599 3588 821 3673 strepitumque
837 3593 956 3655 Romae.

227 3693 414 3773 Plerumque
429 3703 526 3772 gratae
540 3688 690 3751 divitibus
702 3689 794 3766 vices,

227 3792 423 3874 Mundaeque
437 3811 533 3873 parvo
548 3789 605 3851 sub
620 3788 684 3853 lare
699 3811 867 3874 pauperum

270 3896 389 3969 Coeuoe,
406 3891 472 3956 siue
487 3891 593 3955 auloeis
606 3905 638 3956 et
653 3907 744 3971 ostro,

313 3995 471 4058 Solicitam
487 3995 660 4080 explicuere
674 3995 817 4060 frontem.

225 4099 298 4161 dam
315 4098 416 4162 clarus
430 4098 584 4162 occultum
602 4098 813 4162 Andromedae
828 4114 916 4182 pater

227 4199 374 4263 Ostendit
388 4200 510 4284 ignem3
529 4200 595 4284 jam
612 4202 753 4285 Procyon
769 4200 855 4277 furit,
