2872 5010
485 493 726 540 urrsronanuu
751 497 819 541 ura.
844 495 881 537 11.
905 477 935 537 2.
1144 478 1209 540 235

155 698 163 712 .
216 652 282 713 Cur
296 647 374 712 alter
387 646 518 709 fratrum
533 665 662 722 wasme,
676 659 709 710 et
723 646 842 723 ludere,
859 657 890 710 et
905 644 1003 729 ungui

217 751 368 815 Praeferat
384 745 522 813 Herodis
536 745 680 831 palmetis
695 749 886 834 pinguibus;
911 746 999 826 alter,

217 853 317 917 Dives
332 864 364 916 et
376 851 584 935 importemus,
598 861 631 912 et
645 851 787 915 umbram
803 851 882 915 lucis
896 851 935 914 ab
950 864 1020 915 ortu
1149 853 1212 916 185

220 955 399 1020 Silvestrem
413 950 546 1014 flammis
561 963 592 1013 et
605 950 686 1014 ferro
697 952 820 1038 mitiget
834 973 954 1037 agrum,

219 1056 287 1123 Scit
299 1052 435 1131 Genius,
450 1049 553 1118 natale
568 1073 669 1116 comes
688 1055 741 1138 qui
757 1067 908 1139 temperat
922 1067 1051 1131 astrum,

217 1159 351 1226 Naturae
367 1157 455 1219 Deus
470 1154 627 1232 humanae,
643 1157 782 1221 mortalis
797 1157 829 1221 in
845 1179 956 1221 unum-

221 1259 373 1343 Quodque
389 1270 493 1343 caput,
510 1257 599 1320 vultu
615 1257 785 1334 mutabilis,
801 1258 889 1322 albns
904 1271 1026 1324 stater.

224 1362 313 1436 Utar,
330 1374 415 1424 etex
431 1358 555 1421 modico
569 1371 720 1440 quantum
736 1381 784 1421 res
798 1372 905 1442 poscet
919 1381 1028 1423 acervo
1152 1362 1216 1431 190

222 1462 370 1534 Tollam;
393 1482 451 1523 nec
470 1471 604 1521 metuam
621 1459 697 1541 quid
712 1459 751 1521 de
767 1481 816 1522 me
826 1460 948 1543 judicet
962 1460 1084 1534 haercs;

222 1564 315 1643 Quod
329 1584 392 1625 non
406 1561 497 1644 plura
512 1559 593 1623 datia
605 1559 757 1623 invenerit
770 1585 779 1632 ;
803 1574 835 1623 et
851 1573 953 1624 tarnen
968 1561 1051 1625 idern

223 1668 309 1733 Scire
324 1665 424 1728 volam
441 1675 591 1748 quantum
608 1662 741 1746 simplex
757 1662 925 1750 hilarisque
940 1665 1046 1750 nepoti

224 1769 402 1852 Discrepet‚
419 1779 450 1830 et
461 1777 612 1849 quantum
628 1764 782 1830 discordet
796 1788 908 1851 pareus
923 1788 1025 1831 avaro.

225 1872 333 1935 Distat
344 1869 438 1948 enirn,
451 1888 578 1954 spargas
589 1880 641 1930 tua
652 1868 812 1952 prodigus,
824 1891 864 1932 an
872 1890 972 1954 neque
984 1882 1119 1934 sumtum
1159 1871 1220 1937 195

227 1972 352 2037 Invitus
366 1970 471 2048 facias,
487 1990 587 2055 neque
601 1969 692 2053 plura
706 1992 813 2056 parare
827 1973 946 2038 labores
958 1999 967 2047 ;

228 2077 280 2139 Ac
294 2073 409 2157 potius,
423 2095 500 2156 puer
515 2085 550 2135 ut
565 2072 652 2136 sestis
667 2073 904 2158 quinquatribus
919 2076 1004 2156 olim,

228 2174 355 2258 Exiguo
369 2188 518 2258 gratoque
531 2173 643 2236 fruaris
659 2188 796 2259 tempore
810 2178 933 2261 raptim.

230 2277 399 2361 Pauperies
413 2274 574 2339 immunda
588 2275 682 2338 domu
697 2278 806 2360 procul
821 2279 920 2343 absit:
945 2303 1014 2364 ego,
1030 2295 1134 2346 utrum

229 2379 261 2440 N
264 2400 320 2442 ave
334 2378 415 2442 ferar
426 2399 539 2462 magna
553 2398 593 2441 an
607 2398 715 2461 parva,
729 2377 811 2443 ferar
825 2402 907 2443 nnus
921 2395 953 2445 et
967 2382 1060 2446 idem.
1157 2382 1223 2446 200

230 2481 304 2544 Non
319 2481 441 2564 agimur
455 2479 583 2544 tumidis
599 2479 677 2542 veiis
694 2481 852 2565 Aquilone
869 2485 1028 2558 secundo;

230 2585 304 2646 Non
321 2597 423 2646 tamen
437 2581 577 2645 adversis
592 2593 715 2644 oetatem
731 2582 873 2647 ducimus
889 2585 1034 2661 Austris;

231 2683 369 2760 Viribus,
384 2683 521 2766 ingenio,
535 2683 648 2767 specie,
661 2683 788 2761 virtute,
804 2685 883 2764 loco,
900 2710 944 2765 re,

231 2785 378 2850 Extremi
392 2785 572 2868 primorum,
588 2785 733 2850 extremis
748 2808 845 2871 usque
860 2789 986 2872 priores.

232 2889 264 2953 N
267 2909 307 2951 on
321 2909 354 2950 es
369 2907 497 2950 avarus:
517 2886 576 2950 abi.
610 2886 695 2965 Quid
709 2893 846 2953 caetera?
863 2889 930 2974 jam
947 2890 1039 2957 simul
1054 2893 1113 2957 isto
1161 2896 1224 2959 205

234 2994 314 3056 Cum
332 2989 407 3053 vitio
421 2988 553 3074 fugere?
576 3002 659 3053 caret
675 2989 731 3053 tibi
747 3005 855 3075 pectus
871 2993 956 3057 inani

234 3092 441 3156 Ambitione?
464 3105 547 3155 caret
563 3092 669 3154 mortis
684 3092 860 3170 formidine,
878 3110 907 3156 et
923 3094 994 3157 ira?

237 3197 374 3271 Somnia,
387 3210 517 3258 terrores
529 3194 675 3278 magicos,
691 3194 850 3271 miracula,
867 3217 965 3278 sagas,

237 3300 415 3362 Nocturnas
430 3297 561 3360 lemures
575 3309 778 3381 portentaque
795 3296 949 3362 Thessala
963 3296 1071 3362 rides?

238 3400 368 3464 Natales
382 3411 469 3483 grate
484 3401 652 3463 numeras?
674 3398 807 3483 ignoscis
822 3399 950 3464 amicis?
1167 3404 1232 3466 210

239 3501 356 3566 Lenior
371 3516 402 3565 ct
417 3501 525 3565 melior
538 3501 576 3563 fis
590 3501 755 3564 accedente
770 3506 919 3564 senecta?

239 3605 324 3682 Quid
340 3618 370 3668 te
384 3615 505 3667 exemta
514 3603 606 3684 juvat
621 3599 718 3680 spinis
733 3601 772 3662 de
787 3599 929 3681 pluribus
945 3600 1031 3662 una?

239 3707 351 3770 Vivere
363 3706 388 3768 si
404 3716 486 3767 recte
499 3699 609 3774 nescis,
625 3698 740 3761 decede
754 3699 873 3783 peritis.

239 3809 361 3873 Lusisti
376 3806 462 3882 satis,
477 3800 568 3867 edisti
583 3800 669 3877 satis,
682 3812 774 3886 atque
788 3800 915 3876 bibisti;

240 3915 382 3995 Tempus
397 3907 480 3973 abire
496 3904 553 3969 tibi
569 3916 637 3979 est;
661 3925 700 3967 ne
715 3918 821 3990 potum
839 3904 957 3990 largius
972 3929 1061 3992 aequo
1169 3911 1234 3974 215

241 4013 358 4077 Rideat
373 4025 404 4076 et
419 4011 521 4095 pulset
535 4007 651 4072 lasciva
665 4008 824 4073 decentius
844 4022 931 4073 aetas.
