2872 5010
452 448 692 496 saissonsnnss
717 452 783 495 nin.
810 452 834 494 ι.
858 434 909 496 18.
1114 427 1178 499 193

187 609 210 637 “
225 604 270 668 Et
284 604 361 668 mibi
373 604 504 669 dividuo
520 602 656 669 findetur
670 623 796 667 munere
811 602 955 691 quadrass'

188 708 252 770 Sed
267 706 379 771 tacitus
392 707 476 791 pasci
492 706 518 769 si
533 720 637 791 posset
651 727 773 796 corvus,
793 704 921 769 baberet
1136 706 1179 768 50

188 808 266 872 Plus
286 810 392 894 dapis,
402 823 434 873 et
447 808 523 873 rixae
538 811 637 874 multo
649 807 964 892 minusinvidiaeque.

189 911 403 976 Brundusium
419 933 520 975 comes
532 927 586 976 aut
603 913 785 975 Surrentum
798 910 911 973 ductus
926 929 1093 985 amoenum,

186 1014 250 1091 Qui
263 1013 402 1100 queritur
416 1013 563 1089 salebras,
579 1028 610 1077 et
625 1013 768 1077 acerbum
784 1011 895 1096 frigus,
911 1026 943 1075 st
957 1011 1081 1090 imbres,

186 1118 257 1180 Aut
271 1115 379 1181 cistam
393 1114 551 1180 effractam
567 1129 621 1179 aut
636 1113 790 1178 subducta
804 1113 918 1178 viatica
931 1113 1043 1198 plorat,

187 1219 271 1283 Nota
281 1219 374 1283 refert
384 1218 553 1283 meretricis
568 1217 721 1295 acumina,
734 1237 818 1303 saepe
829 1215 984 1293 catellam,
1137 1217 1181 1278 55

188 1321 278 1406 Saepe
292 1321 504 1406 periscelidem
519 1333 637 1406 raptam
649 1320 709 1383 sibi
724 1319 846 1408 flentis3
871 1318 919 1382 uti
933 1340 1006 1382 mox

188 1423 285 1487 Nulla
299 1423 376 1487 {ides
391 1422 512 1486 damnis
527 1421 668 1505 verisque
682 1421 840 1484 doloribus
851 1419 941 1484 adsit.
1071 1414 1074 1420 ’

188 1525 256 1588 Nec
271 1523 364 1588 semel
381 1522 488 1586 irrisus
500 1519 599 1585 triviis
616 1521 754 1585 attollere
770 1534 858 1585 curat

187 1625 302 1689 Fracto
316 1647 404 1690 crure
418 1624 564 1710 planum:
589 1623 662 1687 licet
677 1622 722 1686 illi
739 1622 872 1706 plurima
886 1636 991 1689 manet

187 1727 352 1800 Lacrima3
376 1749 431 1811 per
448 1736 587 1791 sanctum
599 1725 722 1809 juratus
737 1725 821 1789 dicat
836 1724 964 1803 Osirim,
1136 1725 1179 1789 60

188 1828 328 1906 Credite,
344 1850 408 1893 non
423 1828 518 1901 lud0;
544 1826 683 1891 crudeles
700 1826 800 1891 tollite
811 1826 975 1891 claudum:

187 1932 300 2008 Quaere
314 1931 522 2017 peregrinum,
538 1928 652 1993 vicinia
667 1951 760 1993 rauca
776 1929 931 1994 reclamat.

522 2134 866 2143 -—--——.—.....--—--..‹-

482 2268 723 2330 EPISTOLA
748 2268 888 2332 xvlll.

579 2441 625 2481 AD
650 2440 813 2481 LOLLIUM·

189 2582 225 2644 Si
242 2579 320 2642 bene
336 2576 467 2652 tenori,
483 2591 613 2652 metues,
632 2577 786 2640 liberrime
803 2576 898 2653 Lolli,

188 2679 362 2745 Scurrantis
378 2675 510 2761 speciem
523 2678 671 2761 praebere,
686 2679 841 2763 professus
854 2679 997 2743 amicum.

188 2786 237 2867 Ut
251 2795 391 2847 matrona
406 2781 559 2846 meretrici
576 2780 681 2867 dispar
692 2781 750 2845 erit
765 2794 858 2868 atque

188 2885 342 2962 Discolor,
358 2882 454 2948 infido
466 2906 580 2948 scurrae
594 2883 722 2949 distabit
737 2884 863 2948 amicus.

187 2988 249 3051 Est
262 2986 336 3052 huic
347 2985 501 3050 diversum
515 2985 591 3050 vitio
606 2985 717 3050 vitium
729 3008 826 3071 prope
837 2984 948 3073 majus,
1160 2995 1179 3054 5

187 3088 351 3173 Asperitas
366 3086 506 3170 agrestis,
522 3101 553 3151 et
568 3087 762 3165 inconcinna,
778 3089 953 3174 gravisque,

188 3192 267 3269 Quae
282 3213 315 3254 se
330 3191 526 3254 commendat
541 3188 629 3254 tansi
650 3205 732 3267 cute,
748 3190 894 3254 dentibus
908 3187 1003 3264 atris;

188 3295 274 3357 Dum
291 3292 360 3354 vult
373 3291 499 3356 libertas
514 3291 575 3356 dici
591 3315 686 3371 mera,
699 3315 830 3378 veraque
842 3292 950 3356 virtus.

188 3381 318 3459 Vrnrus
335 3405 381 3457 est
395 3393 529 3457 medium
547 3394 704 3474 vitiorum,
720 3409 751 3460 et
763 3395 908 3481 utrinque
922 3394 1093 3462 reductum.

186 3497 286 3573 Alter,
302 3495 334 3558 in
346 3496 525 3580 obsequium
541 3497 611 3581 plus
626 3521 714 3583 aequo
725 3518 852 3582 pronus,
865 3509 896 3559 ct
910 3496 965 3558 imi

187 3599 316 3663 Derisor
330 3597 415 3677 lecti,
431 3599 475 3662 sic
490 3611 601 3663 nutum
617 3599 723 3663 divitis
738 3595 853 3672 horret,

188 3696 240 3761 Sic
255 3695 346 3759 iterat
361 3715 462 3774 voces,
474 3709 506 3759 ct
521 3696 614 3759 verba
629 3695 772 3759 cadentia
791 3694 884 3771 tollit,

187 3801 236 3864 Ut
246 3819 375 3883 puerum
392 3819 474 3861 saevo
490 3797 596 3860 credas
612 3795 728 3861 dictata
743 3797 890 3881 magistro

187 3900 344 3978 Reddere,
360 3899 410 3963 vel
424 3912 527 3984 partes
543 3898 671 3963 mimum
689 3911 820 3964 tractare
836 3902 1004 3967 secundas:

185 4004 290 4081 Alter,
306 4001 432 4080 rixatur,
448 4003 488 4066 de
503 4002 573 4067 lana
588 4024 669 4088 saepe
685 4004 811 4088 caprina
1138 4005 1178 4068 15

187 4109 369 4191 Propugnat
384 4104 476 4188 nugis
492 4118 643 4170 armatus:
671 4107 806 4185 Scilicet,
822 4107 858 4170 ul
872 4127 935 4170 non
1037 4107 1041 4114 '

186 4210 236 4273 Sit
251 4206 327 4271 mibi
342 4205 442 4289 prima
458 4205 545 4283 fides,
563 4220 594 4271 et
606 4230 677 4272 vere
688 4210 771 4293 quod
783 4208 886 4293 placet
897 4222 932 4270 ut
944 4229 1004 4272 non

1030 4316 1049 4353 0
