2872 5010
476 476 714 521 arnsronnunn
740 479 807 521 aaa.
823 481 846 520 r.
861 464 892 522 3.
1117 460 1180 543 173

186 596 303 709 Sperne
318 629 506 711 voluptates:
532 643 622 693 nocet
637 643 720 693 emta
735 630 840 694 dolore
854 631 1008 715 voluptas,
1139 636 1181 695 55

186 729 314 812 Semper
329 752 441 794 avarus
457 745 545 815 eget:
570 745 690 795 certum
702 745 774 797 vom
789 746 861 817 pete
874 733 977 797 linem.

186 832 317 894 Invidus
333 832 459 895 alterins
478 832 639 895 macrescit
655 835 746 896 rebus
760 834 891 918 opimis:

187 934 312 997 Invidia
324 934 421 998 Siculi
437 956 499 996 non
512 935 658 999 invenere
669 935 794 1017 tyranni

186 1037 294 1121 Majus
310 1051 509 1101 tormentum.
555 1037 619 1115 Qui
635 1060 697 1101 non
715 1037 927 1100 moderabitur
943 1037 1009 1116 irae,

186 1140 343 1204 Infectum
359 1141 442 1204 volet
456 1164 533 1219 esse,
550 1142 637 1205 dolor
652 1139 737 1225 quod
753 1139 882 1203 suaserit
899 1152 930 1203 et
946 1162 1046 1216 mens,
1140 1138 1183 1205 60

185 1243 270 1305 Dum
286 1265 393 1327 poenas
408 1245 480 1309 odio
495 1244 622 1327 pervim
639 1243 765 1306 festinat
780 1242 891 1306 inulto.

186 1343 239 1406 Ira
249 1344 336 1409 furor
346 1346 448 1409 brevis
463 1361 527 1411 est:
541 1346 680 1409 animum
695 1366 784 1427 rege;
807 1345 861 1429 qui
877 1344 937 1408 nisi
952 1359 1054 1428 paret,

186 1445 339 1528 Imperat:
366 1446 449 1510 hunc
464 1447 581 1521 fraenis,
598 1445 682 1507 hunc
698 1458 734 1506 tu
745 1466 905 1527 compesce
920 1459 1038 1510 catena.

187 1546 296 1630 Fingit
311 1569 424 1631 equum
442 1560 546 1610 tenera
562 1546 691 1610 docilem
709 1545 828 1609 cervice
843 1547 989 1629 magister
1047 1607 1050 1615 .

187 1648 251 1722 Ire,
268 1648 350 1711 viam
364 1671 425 1733 qua
440 1661 589 1712 monstret
604 1671 707 1732 eques.
754 1647 932 1722 Venaticus,
948 1670 986 1712 ex
1000 1671 1061 1732 quo

187 1749 345 1832 Tempore
360 1750 514 1814 cervinam
531 1749 644 1833 pellem
660 1749 785 1813 latravit
800 1750 833 1812 in
849 1748 932 1827 aula,

186 1850 307 1915 Militat
322 1852 353 1914 in
370 1852 456 1914 silvis
480 1851 611 1915 catulus.
659 1854 752 1916 Nunc
767 1852 878 1916 adbibe
893 1853 977 1936 pnro'

188 1954 317 2034 Pectore
333 1955 426 2018 verba
441 1976 527 2038 puer,
542 1977 624 2019 nuuc
646 1968 676 2019 te
692 1955 870 2019 melioribus
885 1954 970 2018 offer.

187 2058 260 2134 Quo
276 2058 368 2121 semel
384 2071 431 2122 est
446 2058 565 2122 imbuta
579 2080 696 2136 recens,
713 2057 848 2122 servabit
864 2057 989 2121 odorem

187 2162 286 2224 Testa
300 2161 363 2224 diu.
410 2161 502 2239 Quod
514 2162 539 2224 si
556 2184 666 2236 cessae,
682 2175 737 2225 aut
752 2174 896 2224 strennus
912 2160 1021 2234 amois,
1142 2161 1184 2243 70

189 2261 255 2325 Nec
271 2262 391 2324 tardum
414 2262 640 2345 opperiendae
656 2262 902 2345 praecedentibus
916 2262 1009 2325 insto.

516 2588 756 2650 EPISTOLA
781 2587 852 2651 Ill.

461 2761 513 2801 AD
546 2760 700 2804 tuntum
735 2762 910 2805 FLORUM.

187 2874 209 2936 J
212 2894 270 2937 uer
286 2873 391 2951 Flore,
406 2873 519 2958 quibus
535 2889 685 2940 terrarum
701 2878 814 2942 militet
828 2878 889 2942 oris

187 2975 339 3039 Claudius
356 2979 495 3060 Augusti
516 2979 689 3064 privignus,
705 2980 782 3043 scire
798 2980 910 3044 laboro.

188 3077 354 3142 Thracane
369 3100 434 3155 vos,
452 3081 640 3166 Hebrusque
655 3081 750 3144 nivali
768 3084 916 3166 compede
931 3082 1064 3156 vinctus,

189 3181 244 3242 An
258 3179 337 3243 freta
352 3181 469 3244 vicinas
484 3182 564 3246 inter
579 3183 735 3247 currentia
752 3197 861 3260 turres,

188 3283 242 3343 An
257 3283 388 3367 pingues
405 3284 486 3347 Asioe
502 3286 602 3369 campi
617 3285 771 3371 collesque
785 3289 966 3348 morantur?
1162 3290 1182 3349 5

189 3384 273 3461 Quid
288 3386 426 3449 studiosa
439 3387 547 3450 cohors
563 3410 688 3483 operum
705 3388 819 3451 struit?
843 3390 924 3452 Haec
940 3410 1062 3474 quoqne
1076 3409 1169 3451 curo:

188 3486 266 3563 Quis
283 3487 340 3550 sibi
356 3511 404 3552 res
419 3503 521 3574 gestas
538 3491 674 3573 Augusti
689 3491 821 3555 scribere
836 3492 954 3555 sumit?

189 3589 278 3653 Bella
291 3591 361 3675 quis
376 3603 407 3653 et
425 3608 515 3675 paces
529 3593 657 3674 longum
673 3591 821 3655 diffundit
835 3593 868 3655 in
884 3599 1010 3658 aevum?

189 3693 274 3769 Quid
291 3693 409 3770 Titius,
426 3695 570 3757 Romana
589 3692 675 3755 brevi
688 3704 837 3755 venturus
852 3694 886 3756 in
901 3716 965 3771 ora,

188 3793 348 3856 Pindarici
362 3793 456 3856 fontis
471 3793 525 3877 qui
542 3815 604 3856 non
620 3793 769 3878 expalluit
783 3793 923 3874 haustus,
1141 3800 1182 3862 10

189 3895 346 3960 Fastidire
359 3896 455 3973 lacus,
471 3909 503 3961 et
517 3896 599 3960 rivos
614 3919 706 3961 ausus
721 3902 864 3983 apertos?

189 3999 237 4062 Ut
253 3999 361 4063 valet?
384 4013 420 4063 ut
433 4000 575 4065 meminit
590 4002 712 4066 nostri?
734 4001 887 4068 fidibusne
903 4003 1028 4067 Latinis

190 4100 358 4165 Thebanos
374 4115 480 4187 aptare
495 4104 602 4169 modos
617 4106 732 4182 studet,
748 4105 873 4190 auspice
890 4104 1007 4169 Musa?

189 4205 239 4267 An
254 4205 370 4287 tragica
384 4206 514 4272 desaevit
528 4222 559 4272 et
574 4209 760 4293 ampullatur
774 4210 807 4273 in
822 4212 910 4272 arte?
