2872 5010
437 791 477 862 Q.
501 789 696 854 mouson
718 788 882 856 ursccl

340 955 381 1057 O
424 957 473 1051 A
504 958 553 1053 R
591 958 650 1053 M
684 955 712 1051 I
745 955 795 1050 N
833 956 883 1052 U
917 955 976 1051 M

479 1154 605 1214 LIBER
625 1151 838 1223 QUARTUS.

496 1415 593 1480 ODE
617 1415 647 1478 1.
691 1416 740 1492 (u.
765 1415 835 1495 xv.)

530 1577 577 1619 AD
601 1576 783 1620 vultuum.

211 1683 441 1761 Iuruumsss,
459 1683 576 1760 Venus,
591 1682 658 1760 diu,

252 1784 375 1848 Rursus
389 1783 472 1849 bells
486 1787 613 1849 moves?
637 1785 745 1862 Psrce,
761 1803 878 1867 precor,
893 1805 1010 1869 precor.

212 1885 286 1949 Nou
302 1908 368 1949 sum
385 1886 485 1972 qualis
500 1908 582 1952 eram
597 1887 688 1951 bouae

254 1989 320 2052 Sub
333 2011 430 2074 regno
445 1990 578 2055 Ciusrse.
623 1989 752 2069 Desine,
768 1988 908 2055 dulcium

210 2090 318 2154 Mater
330 2114 413 2157 saevo
429 2093 633 2179 Cupidinum,
1139 2096 1160 2157 5

255 2192 348 2257 Circo
361 2194 459 2259 lustrs
474 2197 579 2258 decem
594 2194 716 2259 flectere
731 2192 876 2258 mollibus

211 2293 233 2355 J
236 2314 283 2357 sm
300 2295 414 2359 durum
429 2296 574 2382 imperiis.
619 2296 680 2360 Abi

255 2397 325 2473 Quo
339 2397 462 2462 blondoe
471 2397 624 2483 juvenum
639 2411 670 2462 te
684 2407 830 2461 revocent
844 2415 958 2479 preces.

214 2495 448 2581 Tempestivius
462 2498 495 2561 in
510 2499 635 2563 domum

255 2599 359 2677 Pauli,
374 2601 537 2686 purpureis
552 2601 615 2665 eles
630 2600 777 2678 oloribus,

214 2700 425 2767 Comissubere
441 2697 590 2780 Muximi,

257 2801 290 2867 Si
306 2816 420 2870 torrere
428 2806 519 2891 jecur
533 2804 646 2891 quoeris
660 2805 815 2871 idoneum.

214 2906 357 2991 Namque
371 2920 403 2972 et
416 2908 529 2972 nobilis
543 2922 575 2972 et
589 2908 701 2974 decens

255 3007 302 3071 Et
315 3029 371 3093 pro
387 3009 514 3075 solicitis
528 3032 591 3076 non
606 3011 718 3076 tacitus
732 3012 803 3090 reis,

213 3108 260 3171 Et
274 3121 397 3174 centum
412 3132 490 3195 puer
503 3112 629 3191 artium,

258 3208 340 3274 Late
354 3211 443 3296 signs
453 3213 531 3278 feret
545 3214 665 3279 militiae
677 3227 749 3279 tuae.

215 3311 262 3375 Et
275 3313 460 3398 quandoque
473 3316 628 3401 potentior

258 3412 373 3498 Largis
387 3417 565 3482 muneribus
579 3419 680 3485 riserit
694 3420 810 3500 aemuli,

216 3516 358 3581 Albanos
372 3539 468 3604 prope
484 3532 514 3584 te
528 3520 615 3585 lucus

258 3620 360 3684 Pouet
373 3642 585 3699 marmoream,
601 3622 659 3686 sub
675 3623 760 3687 trsbe
775 3623 879 3688 citrea.

218 3719 290 3784 Illic
304 3720 437 3806 plurims
451 3721 579 3785 naribus

261 3823 368 3886 Duces
383 3836 463 3901 turs,
478 3823 616 3908 lyraeque
632 3837 663 3889 et
679 3826 875 3911 Berecyntioe

219 3922 421 3989 Delectsbere
436 3924 524 3989 tibiae

262 4023 372 4089 Mistis
384 4027 581 4108 carminibus,
597 4051 659 4096 uon
674 4031 739 4097 sino
754 4033 868 4100 fistulo.

221 4124 293 4190 Illic
307 4126 355 4190 bis
369 4130 458 4212 pueri
474 4129 525 4193 dic

262 4227 389 4296 Numen
404 4252 474 4298 cum
488 4234 602 4301 toneris
616 4234 787 4320 virginibus
802 4249 890 4304 tuum
