2872 5010
237 462 282 525 34
565 478 595 523 u.
620 474 765 518 norsnrn
793 472 914 516 armori

241 647 366 711 Primus
381 646 413 709 iu
428 644 513 708 huuc
526 644 628 729 operis
643 662 825 725 componere
839 640 975 706 carmina
989 661 1117 716 morem,

242 749 415 815 Detrahere
426 760 458 813 et
472 747 597 832 pellem,
615 745 733 809 nitidus
748 766 810 829 qua
821 743 951 829 quiaque
965 765 1021 830 per
1035 766 1088 808 ora

244 851 388 927 cederet,
405 849 571 912 introrsum
589 847 708 932 turpis;
733 868 807 910 uum
821 845 953 919 Loelius,
968 859 999 910 et
1014 845 1067 931 qui
1197 839 1244 907 65

245 951 348 1015 Duxit
362 952 402 1015 ab
417 971 566 1035 oppressa
580 949 724 1013 meritum
739 948 930 1033 Carthagine
945 970 1070 1026 nomeu,

246 1052 379 1136 Ingenio
394 1051 529 1116 offensi?
553 1064 608 1115 aut
630 1052 703 1114 laeso
719 1051 845 1116 doluere
860 1052 1005 1129 Metello,

245 1153 447 1237 Famosisque
464 1153 557 1235 Lupo
573 1164 717 1235 cooperto
733 1153 896 1216 versibus?
919 1153 1015 1238 Atqui

247 1253 404 1318 Primores
419 1253 527 1338 populi
543 1253 685 1338 arripuit,
700 1253 912 1340 populumque
928 1254 1089 1327 tributim

246 1355 371 1420 Scilicet
386 1355 441 1419 uni
457 1377 564 1440 oequus
580 1356 702 1431 virtuti,
718 1369 811 1440 atque
826 1356 894 1439 ejus
910 1355 1027 1420 amicis.
1198 1352 1247 1436 7⁰

247 1457 330 1536 Quin
346 1457 400 1521 ubi
415 1479 449 1520 se
463 1480 481 1520 a
496 1457 592 1541 vulgo
607 1471 637 1520 et
654 1479 744 1520 scena
759 1457 791 1520 in
808 1471 925 1521 secreta
938 1458 1093 1522 remdraut

248 1558 355 1622 Virtus
373 1558 528 1643 Scipiadae
543 1571 575 1621 et
591 1558 675 1621 mitis
691 1558 844 1642 sapientia
861 1559 963 1631 Laelt;

251 1659 372 1744 Nugari
389 1681 459 1724 cum
477 1660 542 1734 illo,
559 1673 589 1724 et
606 1660 754 1724 discincti
766 1659 885 1737 ludere,
901 1661 999 1724 donec

251 1763 485 1847 Decoqueretur
500 1762 579 1840 olus,
596 1762 688 1826 soliti.
735 1760 892 1847 Quicquid
909 1783 976 1825 sum
999 1783 1068 1846 ego,
1084 1760 1227 1847 quamvis

253 1864 341 1929 Infra
359 1865 463 1929 Lucili
478 1886 603 1929 censum
616 1864 849 1948 ingeniumque,
866 1876 970 1928 tamen
985 1886 1035 1928 me
1201 1860 1248 1945 75

253 1971 334 2032 Cum
351 1967 471 2050 magnis
488 1965 601 2028 vixisse
616 1966 715 2028 invita
730 1964 880 2028 fatebitur
894 1987 992 2050 usquc

254 2067 391 2144 insidia,
407 2080 438 2130 et
452 2066 557 2149 fragili
572 2087 714 2150 quaerens
729 2065 850 2129 illidere
865 2066 1002 2145 dentem,

254 2168 402 2234 Offendet
418 2167 528 2233 solido.
574 2168 644 2232 Nisi
659 2167 737 2253 quid
752 2181 799 2242 tu,
814 2167 906 2233 docte
922 2170 1066 2248 Trebati,

257 2271 425 2336 Dissentis.
472 2272 500 2343 il
515 2271 671 2357 Equidem
688 2270 768 2334 nihil
783 2271 835 2336 hic
852 2270 1014 2356 diffingere
1029 2293 1164 2357 possum.

257 2376 319 2440 Sed
337 2389 439 2439 tamen
457 2389 492 2438 ut
506 2375 642 2438 monitus
658 2397 766 2438 caveas
784 2372 838 2451 (ne
852 2376 931 2439 forte
946 2376 1051 2459 negoti
1210 2374 1257 2438 ω
1335 2453 1338 2457 ,

258 2475 397 2541 Incutiat
413 2476 468 2539 tibi
491 2477 567 2560 quid
583 2490 758 2540 sanctarum
776 2477 898 2541 inscitia
913 2478 1029 2561 legum)

260 2575 294 2639 Si
310 2576 393 2639 mala
408 2578 585 2640 condiderit
597 2578 629 2639 in
645 2598 735 2660 quem
753 2579 821 2661 quis
843 2579 991 2656 carmina,
1003 2581 1057 2665 jus
1079 2592 1127 2643 est

259 2676 493 2760 iudiciumque.
539 2677 568 2747 il
582 2679 673 2753 Esto,
690 2678 786 2762 siquis
802 2679 902 2750 mala;
927 2681 982 2741 sed
998 2681 1077 2743 bona
1092 2680 1190 2766 siquis

260 2775 375 2841 Judice
390 2776 563 2839 condiderit
577 2776 721 2839 laudatus
738 2778 873 2851 Caesare,
890 2778 986 2861 siquis

260 2875 444 2961 Opprobriis
457 2876 586 2959 dignum
603 2875 773 2952 latraverit,
788 2877 909 2959 integer
923 2877 1016 2959 ipse?
1213 2886 1259 2946 85

263 2978 291 3052 il
305 2976 471 3040 Solventur
484 2976 548 3040 risu
561 2975 695 3046 tabulae;
720 2990 755 3039 tu
771 2976 882 3039 missus
904 2975 1014 3039 abibis.

585 3212 724 3220 ——a--.<-.
752 3209 809 3215 .-..-
846 3208 933 3215 ω.--

635 3365 816 3427 situlus
842 3365 892 3426 11.

270 3554 348 3632 Qus
364 3551 464 3617 virtus
475 3567 506 3617 et
520 3565 646 3636 quanta,
662 3552 746 3629 boni,
762 3552 802 3617 sit
817 3554 922 3621 vivere
936 3574 1033 3636 parvo

272 3653 356 3729 (Nec
371 3676 457 3719 meus
471 3653 523 3719 hic
538 3675 637 3719 sermo
652 3669 709 3734 est,
723 3657 777 3722 sed
793 3679 863 3742 quae
878 3656 1026 3742 praecepit
1042 3657 1177 3738 Ofellus,

272 3756 434 3834 Rusticus,
450 3757 605 3822 abnormis
625 3759 759 3843 sapiens,
775 3781 936 3844 crassaque
951 3759 1113 3844 Minerva)

274 3857 407 3936 Discite,
422 3881 484 3922 nou
500 3859 582 3923 iuter
596 3859 699 3925 lances
715 3884 896 3948 mensasque
910 3861 1057 3939 nitentes,

275 3965 357 4030 Cum
369 3975 474 4048 stupet
487 3962 603 4030 insanis
618 3964 699 4027 acies
713 3963 896 4046 fulgoribus,
912 3977 944 4027 et
958 3984 1028 4031 cum
1245 3972 1265 4031 5

275 4067 422 4133 Adcliuis
436 4066 522 4132 falsis
535 4065 657 4133 animus
672 4065 798 4130 meliora
812 4079 953 4139 recinam

279 4173 392 4237 Verum
410 4169 460 4235 hic
474 4169 622 4255 impransi
637 4189 757 4233 mecum
770 4168 941 4253 disquirite.
988 4171 1016 4242 il
1031 4173 1098 4237 Cur
1112 4171 1194 4238 boc?
