2872 5010
191 399 255 464 126
518 416 549 462 a·
565 416 712 460 noaarn
736 418 861 463 nascer

234 569 330 634 Illum
345 581 377 632 et
392 569 528 652 parentis
542 567 724 632 crediderim
739 568 788 632 sui

232 672 377 757 Fregisae
392 670 552 746 cervicem,
567 682 599 732 et
612 669 783 752 penetralia

278 773 433 858 Sparsiase
446 786 597 836 nocturno
611 791 718 834 cruore

316 874 471 959 Hospitis.
517 873 578 937 Ille
593 892 713 936 venena
728 870 861 948 Colcha,

231 977 277 1039 Et
291 974 438 1059 quioquid
454 995 584 1058 usquam
598 972 773 1055 concipitur
792 970 892 1049 ndu,

233 1074 406 1152 Tractatit,
420 1096 494 1158 agro
508 1074 562 1158 qui
577 1072 688 1137 statuit
707 1093 778 1137 meo

276 1178 327 1240 Te
341 1176 428 1239 triste
443 1174 575 1259 lignum,
591 1189 621 1239 te
636 1173 787 1239 caducum
874 1202 881 1213 ·

319 1279 359 1340 Iu
374 1277 491 1341 domini
507 1291 602 1361 caput
616 1276 816 1341 immercnn‘s.

233 1377 318 1457 Quid
331 1378 461 1463 quisque
476 1379 567 1457 vitet,
580 1399 739 1464 nunquam
754 1375 871 1442 homini
890 1377 965 1443 ratis

232 1483 369 1545 Cautum
383 1497 430 1545 est
445 1482 480 1544 in
495 1480 607 1546 boras:
629 1481 735 1545 navita
750 1481 922 1563 Bospomm

274 1584 393 1647 Poenua
408 1582 623 1667 perhorrescit,
639 1603 739 1668 neque
757 1581 839 1646 ntra

317 1684 411 1749 Cmea
425 1685 514 1749 timet
529 1685 655 1750 aliunde
668 1685 752 1749 fata:

233 1785 332 1849 Miles
347 1786 474 1870 sagittas
489 1799 521 1850 et
536 1788 663 1851 celerem
678 1787 785 1871 fugam

231 1886 360 1959 Parthi;
385 1900 508 1951 catenas
524 1887 658 1950 Parthus
674 1902 705 1951 et
721 1887 838 1951 Italum

275 1988 406 2050 Robur:
430 1987 483 2050 sed
499 1987 665 2070 improvisa
679 1987 734 2049 leti

319 2087 373 2151 Vis
386 2089 489 2172 rapuit
503 2089 662 2173 rapietque
676 2100 793 2173 gentes.

233 2191 334 2263 Quam
349 2211 428 2275 pene
442 2191 541 2254 furvae
555 2213 651 2274 regna
666 2192 872 2276 Proserpina,

232 2294 278 2358 Et
287 2294 481 2377 judicantem
499 2293 633 2358 vidimus
650 2295 795 2371 AEacum,

276 2394 433 2479 Sedesque
446 2395 594 2459 discretas
608 2395 741 2480 piorum,
757 2409 788 2460 et

317 2494 433 2558 AEoliis
448 2495 562 2560 fidibus
576 2510 754 2581 querentem

233 2594 360 2680 Sappho
379 2596 492 2681 puellis
507 2598 546 2661 de
561 2600 772 2682 popularibus,

232 2700 278 2761 Et
293 2711 324 2762 te
339 2712 498 2763 sonantem
515 2699 637 2784 plenius
651 2723 743 2766 aureo

273 2800 379 2864 Alcaee
393 2801 511 2885 plectro
526 2802 604 2867 dura
619 2804 719 2880 naris,

317 2905 407 2968 Dura
421 2901 506 2987 fugae
521 2904 613 2980 mala,
629 2905 707 2968 dura
721 2904 813 2969 belli!

231 3006 410 3091 Utrumque
425 3027 509 3069 sacro
524 3005 620 3090 digna
635 3005 758 3070 silentio

229 3112 389 3177 Mirantur
404 3110 523 3175 umbrae
537 3109 656 3173 dicere:
679 3109 734 3173 sed
748 3108 846 3193 magis

272 3214 400 3296 Pugnae
416 3226 447 3277 et
465 3224 587 3276 exactos
604 3225 750 3295 tyrannos
875 3234 886 3252 .

316 3316 458 3378 Densum
474 3312 610 3377 humeris
625 3313 703 3377 bibit
718 3336 791 3379 aure
805 3315 927 3400 vulgus.

230 3413 315 3492 Quid
329 3414 453 3493 mirum,
469 3413 523 3477 ubi
537 3412 600 3476 illis
614 3416 801 3482 carminibus
815 3432 941 3503 stupens

230 3513 379 3581 Demittit
393 3528 474 3579 atras
489 3514 580 3579 belua
594 3518 748 3603 centiceps

272 3619 383 3694 Aures,
398 3630 431 3682 et
444 3616 552 3681 intorti
565 3619 685 3703 capillis

316 3718 526 3782 Eumenidum
547 3735 723 3786 recreantur
736 3727 877 3809 angues?

230 3820 314 3899 Quin
330 3833 361 3884 et
376 3822 581 3888 Prometheus
595 3837 627 3884 et
643 3822 768 3909 Pelopis
783 3846 894 3909 parens

230 3923 326 3988 Dulci
339 3922 476 3988 laborem
491 3921 644 4004 decipitur
658 3944 752 3985 sono:

271 4028 340 4091 Nec
355 4038 442 4090 curat
456 4023 552 4089 Orion
568 4022 681 4099 leones,

314 4132 382 4193 Aut
398 4128 521 4193 timidos
536 4125 653 4209 agitare
673 4124 789 4208 lyncas.
