2872 5010
164 430 209 495 28
483 448 514 495 u.
538 446 685 491 uossru
711 449 834 494 resecr

166 600 287 664 Fuscus
303 598 442 662 Aristius
455 597 600 673 occurrit,
616 595 693 661 mihi
707 619 808 676 cums,
824 612 856 664 ct
869 597 957 664 illum

165 701 228 779 Qui
242 699 373 786 pulchre
386 701 506 763 udsset:
531 698 743 764 consistimus:
767 700 864 765 Unde
878 699 989 767 renis?
1010 714 1052 778 et,

165 805 238 882 Qud
252 802 377 867 tendis?
400 815 499 886 rogat,
515 814 548 865 ct
560 802 734 887 respondet.
780 802 901 867 Vellere
915 804 1007 888 coepi,

165 908 211 970 Et
225 924 368 988 prensare
382 923 477 966 msuu
491 903 663 967 lentissima
677 901 815 981 brachiu,
830 918 955 981 nutans,

167 1005 373 1088 Distorquens
386 1004 503 1076 oculos,
520 1017 556 1068 ut
569 1025 619 1067 mc
633 1005 783 1089 eriperet:
806 1006 886 1070 mele
903 1007 1000 1072 seluss
1110 1005 1163 1072 ll&

166 1105 286 1170 Ridens
301 1104 511 1169 dissimulare:
534 1125 638 1169 meum
649 1105 740 1189 jecur
753 1127 843 1171 urere
855 1107 937 1172 bilis.

166 1211 259 1272 Certe
273 1207 375 1271 nescio
389 1207 463 1292 quid
478 1220 597 1270 secreto
610 1207 690 1271 velle
704 1207 790 1293 loqui
805 1221 838 1272 te

167 1309 283 1373 Aiebss
298 1327 436 1371 mecum:
460 1307 595 1371 Memini
610 1309 707 1381 bene;
732 1311 786 1374 sed
801 1309 919 1374 meliori

166 1412 324 1495 Tempore
336 1408 456 1473 dicum:
478 1408 572 1473 hodie
587 1410 741 1475 tricesimu
754 1412 899 1476 ssbbste:
921 1410 984 1475 viu'
999 1424 1033 1476 tu

166 1511 273 1576 Curtis
287 1513 312 1574 J
314 1509 412 1574 udoeis
426 1512 602 1596 cppedere?
625 1512 722 1577 Nulla
737 1512 825 1591 mihi,
841 1514 978 1599 inquam,
1111 1513 1156 1595 70

166 1613 304 1698 Relligio
319 1626 383 1676 est:
407 1616 455 1677 At
469 1614 529 1676 mi:
553 1636 619 1677 sum
635 1615 728 1698 psulu
743 1614 903 1691 infimior,
918 1635 1000 1678 unus

167 1715 363 1788 Multorum3
387 1715 548 1799 ignosces3
572 1714 649 1780 elius
664 1717 781 1802 loquer.
827 1717 993 1782 Hunccine
1006 1717 1101 1782 solem

166 1819 248 1882 Tum
263 1818 385 1904 nigrum
402 1839 527 1882 surrexe
541 1816 636 1880 mihi!
659 1816 743 1900 fugit
757 1818 926 1901 improbus,
942 1840 979 1884 sc
992 1841 1042 1883 ure

167 1921 233 1986 Sub
247 1921 347 1985 cultro
360 1920 483 2004 linquit.
531 1920 615 1982 Casu
630 1918 715 1981 veuit
730 1919 839 1983 obvius
853 1920 899 1984 illi

167 2023 388 2087 Adversarius:
411 2035 454 2096 et,
470 2022 540 2097 Quo
555 2033 590 2082 tu
605 2018 805 2102 turpissime?
829 2042 941 2104 magns
1113 2022 1157 2104 75

167 2124 332 2188 Exclamat
346 2143 431 2198 voce,
447 2134 489 2196 et,
506 2120 598 2184 Licet
612 2119 781 2184 antestari?
805 2123 877 2206 Ego
892 2144 965 2187 vero

167 2229 302 2310 Oppono
315 2223 502 2288 suriculam:
525 2223 608 2308 repit
621 2223 653 2287 in
665 2222 735 2307 jus:
760 2223 874 2288 clamor
888 2225 1050 2312 utrinque:

168 2327 318 2414 Undique
329 2349 506 2393 concursus.
552 2327 604 2391 Sic
619 2349 668 2391 me
683 2328 818 2392 servavit
831 2328 953 2414 Apollo.

537 2733 714 2795 SATIRA
740 2733 785 2794 X.

167 2916 296 2980 anrrn
312 2914 514 2999 incomposito
528 2913 594 2978 dixi
608 2915 688 2997 pede
702 2936 824 2978 currere
839 2936 943 2978 versus

169 3017 291 3082 Lucili:
314 3016 384 3104 quis
399 3028 462 3080 tsm
479 3015 584 3082 Lucili
597 3014 700 3080 fautor
714 3014 819 3100 inepte
832 3029 890 3091 est,

168 3122 217 3188 Ut
230 3142 292 3183 uon
307 3117 367 3185 hcc
380 3117 536 3182 fetentur?
582 3119 631 3181 At
644 3116 738 3196 idern,
753 3119 837 3201 quod
851 3116 914 3181 sule
929 3117 1028 3182 multo

168 3222 287 3288 Urbem
302 3219 459 3298 defricuit,
474 3219 582 3284 churtu
596 3219 741 3284 laudetur
755 3219 873 3284 eedem.
1098 3208 1101 3213 ¹

168 3324 236 3391 Nec
245 3334 350 3387 tamen
359 3321 418 3386 huc
428 3321 577 3398 tribuens,
585 3320 721 3385 dederim
731 3342 854 3407 quoque
863 3335 987 3387 caeters:
1001 3345 1072 3389 nuru
1082 3324 1158 3389 sic5

167 3428 213 3492 Et
228 3424 345 3488 Leberl
360 3423 481 3501 mimos,
496 3436 532 3487 ut
546 3421 677 3507 pulchra
691 3431 848 3506 poemate,
864 3423 965 3489 mirer.

167 3531 255 3614 Ergo
268 3548 331 3591 usu
345 3526 421 3592 sstis
433 3538 482 3590 est
496 3525 562 3590 risu
575 3525 721 3590 diducere
735 3525 847 3589 rictum

167 3628 350 3697 Auditoris:
368 3640 400 3693 et
414 3642 461 3693 est
475 3628 617 3713 quoedsm
633 3641 737 3693 temen
751 3627 803 3692 hic
817 3650 939 3715 quoque
956 3629 1062 3694 virtus.

167 3735 228 3798 Est
241 3732 393 3797 brevitate
406 3753 496 3815 opus,
511 3744 548 3795 ut
561 3744 665 3795 curret
680 3731 844 3809 sententie,
859 3754 921 3796 neu
935 3754 968 3796 se

169 3832 327 3918 Impediat
340 3832 441 3897 verbis
456 3833 552 3897 lessus
567 3834 766 3899 onerantibus
781 3856 879 3898 sures.
1118 3839 1160 3902 10

168 3938 214 4001 Et
228 3955 367 3999 sermone
381 3955 459 4018 opus
473 3946 521 3997 est
534 3935 627 3998 modo
641 3934 733 4011 tristi,
750 3957 831 4019 seepe
841 3936 962 4018 jocoso,

168 4035 365 4102 Defendente
378 4035 477 4100 vicem
493 4035 584 4098 modo
598 4035 743 4113 rhetoris,
759 4050 851 4120 utque
865 4047 978 4122 poetes,

170 4137 331 4204 Interdum
347 4137 467 4211 urbani,
483 4138 637 4220 parcentis
653 4137 783 4216 viribus,
799 4153 892 4225 utque
