2872 5010
279 492 321 551 50
600 508 630 555 u.
656 507 801 550 siosasn
829 508 953 554 stanes

279 660 486 743 Angustaque
502 678 596 742 vagos
610 658 711 743 pisces
726 679 858 743 urgues-e
873 659 985 724 ostino.

277 762 398 845 Magna
413 773 516 824 movet
531 760 691 826 stomacho
705 760 841 837 fastidia,
857 783 912 825 seu
926 783 1004 847 puer
1018 761 1121 828 unctis

278 862 442 927 Tractavit
455 862 581 927 calicem
597 863 750 940 manibus,
766 863 839 927 dum
856 863 939 928 furta
953 864 1099 950 ligurrit3

279 964 352 1029 Sive
366 964 469 1049 gravis
484 964 580 1029 veteri
595 979 722 1029 craterae
733 965 827 1028 limus
841 965 984 1030 adhoesit
1230 971 1278 1034 8⁰

280 1065 400 1130 Vilibus
416 1067 447 1130 in
463 1066 574 1152 soopis,
590 1067 622 1130 in
638 1067 770 1152 mappis,
786 1067 818 1130 in
833 1069 936 1143 scobe,
950 1081 1086 1153 quantus

277 1167 430 1232 Consistit
444 1174 590 1232 sumtus?
606 1168 767 1253 neglectis,
785 1167 937 1254 flagitium
952 1169 1072 1256 ingens

278 1270 359 1334 Ten*
373 1270 492 1356 lapides
508 1270 608 1336 varios
622 1269 777 1336 lutulenta
791 1271 899 1336 radere
913 1270 1027 1356 palma,

276 1371 323 1436 Et
339 1370 455 1458 Tyrias
469 1373 544 1439 dare
557 1373 673 1438 circum
688 1372 776 1438 illota
790 1373 900 1439 toralia
914 1376 1040 1438 vestas?

277 1467 434 1550 oblitum,
448 1489 566 1561 quanto
580 1497 685 1540 curam
701 1488 898 1561 sumtumque
912 1475 1062 1540 minorem
1226 1479 1274 1542 85

277 1575 359 1641 Haec
372 1576 518 1656 habeant,
534 1591 621 1643 tanto
632 1577 775 1661 reprendi
785 1575 904 1663 justius
918 1575 992 1655 illis,

276 1680 356 1758 Quae
370 1681 431 1744 nisi
446 1681 595 1746 divitibus
610 1693 766 1766 nequeant
779 1677 958 1763 contingere
972 1677 1096 1743 mensis.

276 1781 410 1855 iiDocte
426 1783 510 1862 Cati,
525 1805 580 1868 per
594 1781 761 1847 amicitiam
783 1781 932 1867 divosque
945 1793 1082 1866 rogatus,

276 1886 401 1949 Ducere
415 1907 464 1950 me
478 1885 632 1962 auditum,
647 1906 757 1968 perges
772 1905 967 1969 quoeunque,
983 1893 1146 1947 memento

276 1988 358 2052 Nsm
374 1986 514 2071 quamvis
528 1984 641 2049 referas
656 1984 784 2047 memori
799 1983 876 2047 mihi
887 1997 1012 2068 pectore
1027 1997 1149 2060 cuncta,
1224 1985 1271 2054 90

275 2088 349 2152 Non
365 2101 468 2152 tamen
482 2088 633 2172 interpres
648 2085 830 2150 tantundem
841 2085 983 2170 juveris3
1007 2087 1088 2151 adde

275 2188 404 2254 Vultum
419 2189 621 2276 habitumque
635 2186 790 2266 hominis3
811 2210 902 2274 quem
918 2201 955 2252 tu
969 2188 1084 2255 vidisse
1103 2188 1223 2266 beatus,

275 2293 349 2357 Non
364 2293 470 2378 magni
484 2292 605 2378 pendis,
621 2291 695 2378 quia
709 2290 859 2378 contigit:
883 2304 916 2357 at
930 2290 1008 2356 mihi
1022 2313 1096 2356 cura

276 2396 349 2459 Non
365 2396 527 2461 mediocris
542 2396 634 2475 inest,
649 2395 751 2461 fontes
766 2407 802 2460 ut
816 2394 903 2460 adire
917 2408 1060 2475 remotos,

274 2500 378 2585 Atque
392 2499 516 2565 haurire
530 2521 641 2585 queam
656 2498 731 2563 vitoe
745 2509 900 2582 praecepto
914 2497 1023 2562 beatae.
1224 2497 1269 2564 95

651 2865 833 2926 SATIRA
856 2865 894 2925 V.

274 3062 351 3130 Hoc
367 3086 500 3153 quoque,
518 3065 652 3146 Tiresia,
667 3079 780 3150 praeter
794 3075 918 3128 narrata
928 3064 1048 3149 petenti

272 3167 458 3254 Responde:
475 3171 586 3257 quibus
599 3167 727 3234 amissas
741 3188 883 3250 reparare
897 3188 1006 3253 queam
1022 3190 1070 3232 res

271 3268 404 3335 Artibus
420 3285 512 3357 atque
526 3271 634 3336 modis.
679 3269 763 3349 Quid
779 3268 882 3334 rides?
928 3271 956 3342 ii
973 3269 997 3335 J
998 3293 1088 3337 amne
1102 3272 1209 3336 doloso

271 3368 343 3435 Nou
359 3374 434 3438 satis
448 3389 495 3440 est
512 3373 651 3440 Ithacam
667 3369 785 3448 revehi,
800 3372 978 3458 pstriosque
992 3386 1119 3458 penates

270 3472 445 3557 Aspioere?
491 3473 660 3548 iiOnulli
676 3474 844 3561 quidquam
859 3475 1000 3552 mentite,
1016 3475 1103 3540 vides
1118 3490 1153 3541 ut
1242 3482 1263 3542 5

269 3571 383 3639 Nudus
397 3576 549 3664 inopsque
561 3578 687 3641 domum
703 3575 839 3655 redeam,
854 3589 886 3640 te
900 3588 982 3655 vate,
996 3597 1097 3660 neque
1111 3577 1176 3641 illic

269 3673 338 3739 Aut
352 3675 503 3761 apotheca
517 3679 617 3764 procis
633 3678 749 3742 intacta
764 3691 821 3757 est,
835 3691 889 3743 aut
903 3699 1015 3762 penus:
1040 3679 1127 3765 atqui

267 3775 314 3840 Et
326 3799 437 3862 genus,
452 3795 484 3845 et
499 3782 610 3860 virtus,
626 3780 685 3845 nisi
701 3802 772 3844 cum
786 3800 831 3856 re,
847 3779 938 3842 vilior
953 3779 1024 3863 aiga
1038 3791 1094 3842 est.

267 3875 440 3955 iiQuando
454 3883 645 3966 pauperiem,
659 3880 759 3945 missis
774 3879 967 3963 ambagibus,
982 3878 1099 3956 horres,

266 3979 397 4066 Aoeipe‚
412 4004 473 4068 qua
486 3982 606 4047 ratione
620 4003 714 4068 queas
728 3980 887 4043 ditescere.
934 3981 1064 4066 Turdus
1218 3983 1259 4046 10

267 4080 340 4146 Sive
355 4082 440 4147 aliud
454 4085 577 4168 privum
594 4082 719 4148 dabitur
734 4079 803 4159 tibi,
818 4081 942 4146 devolet
957 4080 1043 4161 illuc,

266 4180 332 4246 Res
347 4183 400 4247 ubi
415 4205 529 4269 magna
543 4184 634 4261 nitet,
649 4183 776 4253 domino
791 4205 882 4260 sene3
905 4184 1011 4251 dulcis
1025 4208 1128 4273 poma,

264 4283 311 4346 Et
324 4305 523 4370 quoscunque
536 4286 613 4350 feret
629 4285 731 4350 cultus
746 4285 805 4350 tibi
818 4287 934 4352 fundus
948 4287 1091 4366 honores,
