2872 5010
275 431 341 491 144
589 454 610 496 o
646 449 791 492 nonnisi
818 450 941 492 russei

572 703 671 766 01)ss
695 704 756 767 t'l.
801 707 950 781 (it-111.)

641 926 688 968 AD
714 926 888 969 ROMANOE.

311 1106 473 1168 Duum
490 1105 640 1187 majorum
657 1105 830 1166 immeritus
845 1104 923 1169 lues.

310 1208 463 1280 Romane,
478 1206 577 1268 donec
592 1206 706 1287 templa
721 1205 873 1280 miscens,

352 1308 514 1391 ,Edoeque
529 1307 669 1370 lubentes
682 1307 835 1383 Deorum,
851 1323 883 1370 et

394 1410 496 1472 rud»
509 1409 600 1492 nigro
614 1407 779 1472 niumm
791 1409 888 1472 fumo.

306 1512 379 1575 Diis
394 1528 425 1575 te
440 1511 589 1574 minorem
603 1511 690 1595 quod
703 1511 798 1595 geris,
815 1512 966 1597 impetus:

307 1615 394 1678 ilinc
409 1636 500 1676 omne
515 1613 716 1697 principium,
732 1613 795 1677 huc
809 1615 889 1678 teter
902 1616 1029 1679 exitum.

348 1717 392 1779 Di
407 1717 506 1779 multa
522 1716 655 1799 neglecti
670 1716 824 1779 dederunt

391 1819 557 1901 Hespen'ae
572 1818 652 1880 malo
668 1818 830 1881 luctuosae.

302 1922 377 1984 Jnm
392 1920 440 1983 bis
457 1923 625 1996 Monaeses,
640 1936 672 1982 et
688 1921 798 1984 Pacori
815 1944 924 1984 manus

303 2025 376 2086 Non
392 2021 565 2104 tuspicntos
580 2022 721 2083 contudit
737 2022 871 2105 impetus

346 2125 496 2194 Nostrum
520 2140 551 2186 et
566 2123 715 2207 adjecisse
728 2124 865 2206 praednm

388 2226 568 2311 Torquibus
583 2225 704 2309 exiguis
718 2227 849 2290 renidet.

301 2330 398 2406 Pone,
414 2345 593 2411 occupatam
610 2328 823 2403 seditionibus,

299 2431 426 2495 Delevit
443 2432 549 2494 urbem
566 2429 673 2493 Dacus
688 2446 720 2494 et
736 2431 904 2516 AEthi0ps3

342 2535 407 2597 Hic
422 2533 520 2596 classe
535 2534 728 2607 formidatus,
745 2534 798 2599 ille

385 2636 561 2701 Missilibus
576 2636 684 2699 melior
699 2638 832 2722 sagittis.

298 2741 460 2806 Foecundo
475 2739 576 2822 culpoe
590 2739 706 2801 saeculs
719 2741 844 2823 nuptias

299 2842 438 2907 Primum
456 2841 667 2924 inquinavere,
683 2853 713 2901 et
728 2862 828 2922 genus
842 2858 874 2905 et
889 2844 1013 2907 domos:

338 2946 412 3008 Hoc
426 2942 511 3004 fonte
525 2942 664 3005 derivata
679 2940 782 3003 eludes

382 3043 422 3105 In
439 3040 569 3126 patriam
585 3037 798 3123 populumque
809 3037 908 3103 fluxit.

295 3144 406 3207 Motus
421 3139 524 3204 doceri
538 3138 654 3224 gaudet
671 3136 794 3200 Ionicos

294 3247 422 3311 Matura
433 3242 520 3327 virgo
532 3268 541 3314 ς
564 3256 596 3305 et
611 3241 740 3324 fingitur
754 3243 881 3306 ortubus

337 3351 360 3412 J
362 3370 412 3412 om
427 3367 521 3422 nunc,
537 3358 568 3408 et
583 3344 716 3407 incestos
730 3366 851 3408 amores

378 3450 429 3512 De
445 3461 549 3510 tenero
564 3445 732 3509 meditatur
745 3448 858 3531 ungui:

291 3554 372 3617 Mox
381 3549 521 3636 juniores
535 3549 647 3633 quaerit
662 3550 818 3615 adulteros

292 3657 381 3720 Inter
395 3652 497 3716 mariti
513 3652 596 3730 vina,
612 3675 711 3740 neque
722 3655 810 3740 eligit

334 3756 396 3820 Cui
410 3755 505 3819 donet
520 3756 713 3840 impermissa
726 3759 838 3844 ruptim

375 3857 513 3935 Gaudia,
530 3858 698 3922 luminibus
714 3863 854 3934 remotis3

290 3963 353 4028 Sed
363 3963 452 4048 jussu
465 3982 566 4025 coram
583 3982 644 4024 non
659 3962 725 4025 sine
737 3964 859 4027 conscio

291 4063 399 4147 Surgit
414 4062 534 4141 marito,
549 4083 603 4124 seu
618 4076 707 4127 vocat
722 4064 854 4139 institor,

332 4169 395 4230 Seu
409 4165 497 4229 navis
510 4165 662 4249 Hispanae
677 4166 833 4250 magister,

374 4268 568 4333 Dedecorum
582 4269 733 4352 pretiosus
749 4284 855 4333 emtor.
