2872 5010
525 519 717 564 snauouuu
742 518 808 562 uro.
826 519 849 560 r.
865 500 896 560 2.

222 670 407 755 Praeclaram
424 669 547 755 ingrata
557 667 693 753 stringat
707 667 807 732 melus
821 666 961 751 ingluvie
975 688 1051 746 rem,

221 772 336 837 Omnia
351 771 511 836 conductis
525 780 670 835 coemens
684 770 813 834 obsonia
827 768 981 843 nummis;

221 873 371 937 Sordidus
386 887 478 958 etque
492 872 587 938 animi
602 873 685 957 quod
699 871 789 956 parvi
803 871 881 935 nolit
894 869 1013 946 haberi,
1175 872 1218 934 10

220 975 420 1059 Respondet:
446 975 610 1039 Laudatur
624 974 664 1038 ab
678 973 739 1051 his,
755 973 899 1057 culpatur
913 972 952 1036 ab
967 971 1040 1034 illis.
1062 1038 1075 1072 ο

220 1075 362 1140 Fufidius
376 1097 487 1161 vappae
500 1075 614 1140 famam
629 1074 717 1139 timet
732 1097 768 1140 ac
783 1073 956 1149 nebulonis,

219 1176 319 1241 Dives
333 1178 426 1262 agris,
441 1178 529 1242 dives
543 1176 652 1262 positis
666 1177 700 1239 in
713 1176 832 1241 foenore
846 1174 990 1239 nummis.

220 1277 338 1350 Quinas
353 1280 405 1344 hie
420 1280 515 1364 ospiti
529 1279 685 1343 mercedes
699 1291 838 1351 exsecst;
863 1289 956 1361 atque

219 1380 344 1451 Quanto
358 1381 508 1466 perditior
522 1381 652 1466 quisque
666 1392 724 1458 est,
740 1392 827 1444 tanto
842 1377 942 1443 acrius
956 1389 1087 1461 urguet;
1171 1378 1212 1440 15

219 1481 249 1542 N
252 1480 355 1545 omine
370 1495 515 1558 sectatur,
530 1483 622 1545 modo
636 1494 739 1546 sumta
753 1493 839 1544 veste
854 1478 948 1557 virili,
1116 1475 1122 1484 ’

219 1581 285 1644 Sub
299 1581 439 1664 patribus
453 1582 552 1658 duris,
568 1581 712 1645 tironum.
757 1580 910 1657 Maxime,
926 1579 995 1665 quis
1009 1601 1083 1657 non,

216 1681 356 1765 Jupiter,
372 1681 539 1759 exclamat,
554 1682 739 1766 simulatque
753 1679 897 1746 sudiviti
944 1680 1027 1752 unt
1041 1679 1074 1743 in
1089 1703 1122 1744 se

219 1783 283 1845 Pro
298 1795 420 1866 quoestu
435 1797 571 1847 sumtum
585 1783 661 1848 facit
675 1783 736 1848 hic.
783 1783 812 1855 il
830 1782 891 1846 Vix
905 1781 1030 1846 credere
1043 1781 1142 1865 possis

219 1883 320 1953 Quem
336 1882 395 1947 sibi
410 1905 473 1947 non
488 1884 529 1948 sit
543 1885 677 1949 amicus:
700 1885 746 1949 its
760 1899 796 1949 ut
810 1897 899 1969 pater
912 1883 977 1962 ille,
995 1883 1127 1949 Terenti
1170 1885 1214 1947 20

218 1987 337 2051 Fabuls
350 2009 441 2072 quem
457 1986 601 2051 miserum
616 2000 689 2051 nato
704 1986 818 2050 vixisse
831 1985 939 2070 fugato

218 2089 354 2166 Inducit,
369 2110 432 2153 non
447 2112 480 2153 se
493 2089 583 2174 pejus
598 2088 779 2153 cruciaverit
794 2101 887 2172 etque
901 2087 962 2152 hie.

217 2189 252 2252 Si
266 2189 335 2275 quis
350 2212 433 2254 nunc
447 2206 576 2274 quaerat,
592 2191 664 2262 Quo
678 2212 727 2253 res
741 2189 810 2253 haec
824 2187 980 2272 pertinet?
1004 2188 1107 2262 Illuc;

217 2291 303 2354 Dum
319 2291 421 2354 vitant
436 2291 524 2353 stulti
539 2289 627 2367 vitia,
642 2291 675 2353 iu
695 2289 847 2354 contraria
862 2301 1000 2352 currunt.

217 2390 395 2455 Malthinus
410 2390 524 2454 tunicis
540 2390 681 2454 demissis
696 2390 854 2464 ambulat;
875 2375 926 2453 vest
939 2389 994 2472 qui
1170 2390 1213 2452 25

218 2490 342 2574 Inguen
357 2492 398 2555 ad
411 2493 590 2555 obscoenum
605 2490 765 2555 subductis
778 2511 876 2574 usque
888 2489 1026 2554 facetus:

219 2591 365 2655 Pastillos
381 2592 520 2657 Rufillus
534 2592 607 2668 olet,
624 2592 802 2676 Gorgonius
816 2590 957 2654 hircum:

219 2689 274 2753 Nil
291 2690 424 2754 medium
437 2705 494 2755 est.
539 2693 621 2756 Sunt
635 2692 688 2777 qui
703 2692 804 2756 nolint
819 2691 970 2775 tetigisse,
984 2691 1045 2755 nisi
1059 2692 1128 2756 illas

218 2792 357 2862 Quarum
374 2793 502 2856 subsuta
517 2793 595 2857 tslos
611 2807 696 2877 tegat
710 2793 817 2857 instita
832 2806 931 2857 veste:

218 2893 335 2968 Contra
350 2893 429 2958 alius
444 2894 576 2972 nullam,
591 2895 650 2959 nisi
665 2895 767 2959 olente
782 2894 814 2958 in
829 2894 945 2958 fornice
960 2908 1102 2960 stantem.
1168 2899 1212 2960 30

218 2992 353 3063 Quidam
369 3007 461 3058 notus
475 2995 568 3059 homo
583 3017 653 3059 cum
668 2996 765 3060 exiret
778 2994 908 3072 fornice,
923 2996 1032 3061 Macte

219 3095 342 3158 Virtute
356 3111 433 3173 esto,
448 3097 551 3182 iuquit
565 3098 717 3161 sententia
731 3096 783 3161 die
798 3095 947 3159 Catonis:

218 3194 300 3257 Nam
317 3195 448 3260 simulac
462 3217 556 3261 venas
572 3195 693 3262 inflavit
707 3211 786 3262 tetre
800 3195 909 3273 libido,

218 3295 293 3358 Huc
303 3295 435 3379 juvenes
450 3320 572 3382 oequum
587 3311 634 3362 est
647 3299 844 3375 descendere,
858 3319 920 3360 non
936 3297 1051 3362 alienas

218 3396 394 3460 Permolere
408 3420 528 3463 uxores.
574 3401 681 3465 Nolim
695 3399 862 3476 laudarier,
877 3399 990 3485 iuquit,
1169 3400 1212 3460 35

218 3499 271 3563 Sic
286 3521 346 3578 me,
362 3501 487 3566 mirator
501 3504 595 3567 cunni
612 3502 806 3588 Cupiennius
822 3502 894 3566 albi.

217 3601 335 3665 Audire
349 3618 396 3665 est
410 3625 512 3686 operae
526 3605 672 3689 pretium,
688 3603 853 3687 procedere
867 3613 950 3665 recte

217 3701 281 3771 Qui
296 3701 425 3766 moechis
440 3725 502 3768 non
518 3704 625 3783 vultis,
641 3717 677 3767 ut
691 3703 775 3767 omui
790 3715 879 3786 parte
893 3701 1054 3772 laborent;

218 3803 326 3886 thue
340 3802 403 3866 illis
418 3805 515 3869 multo
530 3818 675 3889 corrupta
689 3803 796 3868 dolore
811 3803 965 3886 voluptas,

217 3905 321 3988 Atque
335 3904 403 3968 lraec
418 3926 496 3984 rsra,
512 3906 602 3970 cadat
616 3907 694 3970 durs
708 3905 789 3969 inter
803 3925 885 3987 saepe
899 3903 1023 3987 pericla.
1175 3901 1218 3966 40

218 4005 283 4068 Hic
298 4028 331 4069 se
344 4007 535 4091 praecipitem
551 4021 632 4072 tecto
647 4006 754 4071 dedit:
779 4005 832 4069 ille
846 4003 977 4088 flagellis

217 4106 268 4169 Ad
284 4121 412 4172 mortem
428 4130 544 4172 caesus:
561 4109 685 4192 fugiens
699 4107 752 4170 hic
767 4105 884 4170 decidit
898 4125 998 4168 acrem

218 4209 407 4272 I‘raedonum
423 4209 455 4273 in
472 4211 614 4274 turbam:
632 4208 719 4273 dedit
734 4207 786 4271 hic
799 4228 856 4289 pro
871 4226 997 4288 corpore
1012 4221 1172 4266 summost
