2872 5010
322 426 366 485 82
644 454 673 496 o.
699 451 844 496 uorsrrr
870 454 992 498 resecr

605 703 722 766 XVII.
768 701 933 780 (unsrun
959 713 1038 792 vu.)

696 862 743 903 An
767 861 955 905 curuum.

728 1014 912 1057 Hormus.

370 1129 392 1189 J
397 1148 447 1190 Au
459 1127 525 1210 jam
544 1123 659 1188 efficaci
676 1126 717 1188 do
733 1149 843 1191 monus
859 1129 997 1194 scientim

369 1230 519 1314 Supplex,
534 1243 565 1292 et
579 1250 633 1291 oro
647 1250 742 1313 regnu
756 1251 811 1314 per
823 1232 1029 1316 Proserpiuae,

370 1335 432 1397 Per
445 1348 477 1397 et
490 1332 604 1396 Disnoe
618 1353 680 1396 nou
696 1333 849 1399 movendo
863 1334 1003 1412 numius,

368 1438 431 1500 Per
445 1449 538 1521 atque
551 1434 647 1499 libros
661 1436 832 1500 carminum
848 1437 1018 1503 alentium

366 1538 480 1604 Defixs
494 1539 573 1602 coelo
587 1538 737 1604 devocare
750 1539 860 1617 sidera,

365 1641 510 1719 Canidis,
524 1663 616 1727 psroe
630 1640 758 1706 vocibus
772 1642 897 1707 tndem
910 1642 1016 1720 noris,

367 1747 536 1830 citumque
549 1758 631 1808 rotro
646 1743 743 1821 solve,
758 1743 855 1821 solve,
870 1744 1035 1811 turbinem.

366 1847 471 1912 Movit
485 1861 628 1930 nepotem
645 1845 809 1929 Telephus
824 1848 985 1926 Nerulum,

368 1952 408 2014 Iu
423 1970 514 2034 quem
530 1948 680 2032 superbus
694 1948 854 2012 ordinirst
868 1951 994 2032 agmins

365 2054 541 2135 Mysorum,
555 2062 587 2111 et
601 2048 634 2110 in
648 2068 738 2132 quem
755 2048 818 2112 telo
831 2063 924 2114 scuto
938 2064 1077 2117 torserat.

366 2155 491 2219 Luxere
505 2165 618 2216 matres
634 2149 705 2214 lliae
719 2150 879 2216 addictum
893 2152 967 2216 feris

364 2256 519 2332 Aritium,
535 2269 628 2341 atque
643 2253 771 2319 crnibus
785 2255 972 2322 homicidam
989 2258 1182 2334 Hectorem

365 2363 534 2446 Postquam
550 2357 665 2422 relictis
679 2358 834 2423 moeuibus
847 2381 902 2425 rex
916 2360 1050 2444 procidit

366 2463 441 2526 Heu
456 2466 463 2524 l
486 2459 655 2544 pervicacis
669 2460 709 2524 sd
724 2461 818 2545 pedes
833 2462 985 2528 Achillei.

363 2567 471 2627 Setoss
486 2563 572 2625 duris
587 2585 702 2626 exuere
716 2564 849 2646 pellibus

361 2663 524 2728 Laboriosi
540 2664 672 2746 remiges
688 2665 829 2747 Ulyssei,

362 2764 494 2827 Volente
510 2764 613 2840 Circa,
629 2764 785 2835 membru
811 2778 886 2827 tunc
901 2786 1001 2841 mens,
1015 2782 1046 2832 et
1061 2793 1154 2836 sonus

360 2864 528 2949 Mopsus,
544 2877 637 2946 atque
651 2876 744 2926 notus
759 2864 792 2926 in
807 2862 913 2927 vultus
929 2864 1036 2930 horror.

360 2965 444 3030 Dedi
459 2963 533 3028 satis
548 2984 699 3047 superque
714 2984 874 3046 poenrrum
892 2964 959 3041 tibi,

359 3070 477 3132 Amata
491 3064 593 3130 nautis
608 3065 740 3130 multum
756 3078 788 3128 et
802 3063 1006 3131 institoribus.

359 3170 458 3253 Fugit
467 3169 626 3254 juventus,
642 3179 674 3231 et
688 3165 879 3231 verecundus
895 3168 978 3232 color

359 3270 501 3355 Reliquit
515 3291 584 3333 osso
598 3268 679 3352 pelle
693 3269 807 3333 amicta
821 3269 941 3344 lurida;

357 3371 439 3437 Tuis
453 3371 584 3456 capillus
599 3370 687 3435 olbus
702 3383 748 3434 est
762 3372 921 3451 odoribus,

357 3473 488 3537 Nullum
504 3495 523 3537 o
536 3472 641 3537 labore
656 3494 705 3538 me
716 3473 845 3540 reclinat
856 3476 975 3542 otium:

357 3576 483 3658 Urguet
497 3573 577 3637 diem
594 3595 667 3653 uox,
682 3588 714 3639 et
728 3576 794 3641 dies
809 3592 942 3657 noctem,
958 3603 1057 3668 neque
1072 3600 1120 3650 est
1264 3590 1308 3651 25

356 3678 478 3740 Levore
493 3688 578 3740 tento
593 3678 704 3761 spiritu
718 3683 899 3766 praeoordio.

355 3779 443 3862 Ergo
457 3792 603 3863 negatum
620 3782 727 3849 vincor
741 3799 777 3851 ut
791 3788 913 3854 credam
929 3788 1031 3868 miser,

356 3879 480 3946 Sabella
494 3894 603 3965 pectus
617 3884 775 3969 increpare
789 3893 936 3967 carmina,

356 3985 521 4067 Caputquo
538 3981 644 4048 Marso
659 3985 791 4051 dissilire
806 3991 917 4055 naenis.

356 4085 441 4163 Quid
456 4085 589 4170 amplius
605 4086 672 4149 vis?
697 4090 726 4152 Ο
742 4109 825 4152 mare
840 4105 871 4153 et
888 4096 987 4156 terro!
1012 4095 1115 4173 ordeo,
1260 4101 1304 4164 30

356 4189 514 4265 Quantum
530 4209 630 4273 neque
644 4203 711 4253 otro
725 4191 882 4258 delibutus
898 4195 1051 4260 Hercules
