2872 5010
475 461 662 528 chaumont
687 485 754 526 nin.
771 485 794 528 1.
812 463 862 526 16.

460 734 554 796 ODE
581 733 676 798 XVI.
723 730 777 809 (u.
793 733 879 813 xrx.)

401 940 595 983 rennuunt
619 941 666 983 AD
690 938 940 983 Tr'mnnulnuu.

219 1105 266 1167 0!
292 1106 425 1167 Murrus
440 1103 570 1188 pulchra
584 1103 648 1168 filia
663 1103 831 1190 pulchrior,

220 1207 319 1283 Quem
336 1204 505 1270 criminosis
521 1227 642 1290 cunque
658 1206 742 1270 voles
757 1208 884 1272 modum

262 1308 363 1373 Pones
379 1307 513 1380 lambis;
538 1308 604 1371 sive
618 1305 752 1385 flamma,

307 1409 380 1472 Sive
394 1405 472 1472 mari
485 1407 562 1471 libet
577 1407 751 1472 Hadriano.

221 1511 295 1573 Non
312 1509 523 1594 Dindymene,
539 1529 601 1572 non
616 1509 720 1594 adytis
734 1510 836 1594 quatit

222 1616 365 1678 Mentem
382 1612 575 1675 sacerdotum
591 1611 692 1674 incola
708 1610 855 1695 Pythius,

266 1716 340 1778 Non
356 1714 454 1776 Liber
470 1734 574 1797 aeque;
599 1734 661 1776 non
675 1725 767 1776 acuta

310 1815 363 1878 Sic
377 1814 537 1900 geminant
554 1814 748 1897 Corybantes
759 1837 831 1893 aera,

225 1917 348 1982 Tristes
363 1929 398 1980 ut
413 1916 485 1979 irae:
512 1938 588 2001 quas
603 1937 703 2002 neque
719 1917 853 1982 Noricus

225 2020 370 2084 Deterret
384 2017 477 2095 ensis,
492 2039 549 2081 nec
563 2039 647 2082 mare
661 2018 859 2105 naufragum,

266 2122 335 2185 Nec
351 2142 452 2184 saevus
466 2119 559 2204 iguis,
574 2141 632 2184 nec
647 2122 806 2186 tremendo

310 2223 438 2307 Jupiter
452 2223 519 2306 ipse
534 2242 627 2284 ruens
643 2222 791 2287 tumultu.

226 2325 341 2388 Fertur
354 2320 559 2386 Prometheus
572 2322 687 2385 addere
700 2320 834 2407 principi

227 2425 323 2488 Limo
338 2436 462 2488 coactus
475 2422 660 2506 particulam
675 2423 813 2508 undique

271 2528 449 2604 Desectam,
465 2539 497 2590 et
512 2526 613 2592 insani
629 2526 727 2590 leonis

314 2629 387 2699 Vim
403 2627 563 2692 stomacho
578 2629 757 2713 apposuisse
770 2640 884 2694 nostro.
978 2625 985 2635 ’

230 2733 292 2795 Irre
306 2731 467 2815 Thyesten
478 2729 573 2794 exitio
587 2730 675 2814 gravi

230 2835 383 2911 Strsvere,
400 2846 431 2896 ct
446 2832 518 2896 altis
533 2832 661 2897 urbibus
675 2833 795 2897 ultimae

272 2939 392 3001 Stetere
407 2957 520 3013 causae,
534 2955 589 2997 cur
600 2932 735 3018 perirent

315 3037 484 3114 Funditus,
498 3036 747 3121 imprimeretque
762 3037 859 3100 muris

231 3138 357 3203 Hostile
372 3150 507 3202 aratrum
523 3137 676 3202 exercitus
690 3138 835 3203 insolens.

231 3241 400 3321 Compesce
415 3250 569 3314 mentem;
592 3259 643 3302 me
656 3261 778 3324 quoque
792 3239 924 3325 pectoris

272 3339 423 3404 Tentavit
438 3339 471 3402 in
486 3339 573 3404 dulci
583 3340 716 3424 juventa

318 3442 448 3518 Fervor,
462 3442 542 3506 etin
557 3443 670 3508 celeres
686 3442 812 3508 lambos

233 3542 325 3606 Misit
337 3541 490 3606 furentem
504 3567 512 3604 :
536 3564 620 3607 nunc
634 3565 692 3628 ego
706 3545 835 3609 mitibus
860 3565 863 3569 ’

234 3645 363 3707 Mutare
377 3664 482 3727 quaero
498 3644 610 3721 tristia,
625 3645 700 3708 dum
715 3645 793 3708 milri

277 3743 352 3808 Fias
366 3744 533 3809 recantatis
547 3742 649 3808 amica
732 3790 735 3794 A

322 3847 516 3931 Opprobriis,
532 3847 729 3930 animumque
743 3835 880 3911 reddas(
