2872 5010
456 468 645 512 csnussuu
662 469 728 512 um.
745 471 784 512 11.
801 451 853 512 13.

213 619 312 679 Poeuo
327 638 514 700 purpureum
530 618 690 702 sauguine,
706 617 849 682 mollibus

339 719 450 801 Aptari
465 718 593 783 cithorae
612 719 731 791 modis;

212 820 280 882 Nec
294 841 392 883 saevos
408 819 572 903 Lapithos,
588 831 619 884 et
634 820 763 883 nimium
778 840 863 884 mero

215 919 376 1005 Hylaeum,
392 921 586 1006 domitosque
595 921 753 986 Hercules
767 942 861 985 manu

213 1021 350 1085 Telluris
359 1022 502 1105 juvenes,
517 1023 602 1087 unde
614 1022 786 1107 periculum

341 1123 481 1207 Fulgens
497 1124 683 1189 contremuit
697 1124 807 1188 domus

213 1225 337 1289 Saturni
352 1225 480 1290 veteris:
507 1228 621 1311 Tuque
635 1226 829 1310 pedestribus

212 1327 306 1390 Dices
320 1325 456 1391 historiis
470 1328 580 1412 proelia
596 1327 740 1405 Caesoris,

212 1431 383 1506 Maecenas,
398 1414 520 1506 melius,
535 1430 690 1512 ductoque
703 1450 759 1510 per
774 1428 839 1492 vius

341 1531 466 1614 Regum
481 1530 561 1594 collo
579 1529 776 1593 minantium.

213 1629 270 1694 Me
285 1630 390 1694 dulces
406 1631 539 1694 dominre
555 1632 651 1695 Musa
666 1630 840 1715 Licymniae

214 1736 345 1808 Cautus,
362 1753 411 1794 me
426 1731 525 1795 voluit
539 1733 640 1796 dicere
654 1731 792 1795 lucidum

213 1831 380 1916 Fulgentes
396 1833 511 1912 oculos,
527 1847 558 1896 ct
573 1834 650 1897 bene
671 1833 789 1897 mutuis

341 1933 456 1997 Fidum
472 1948 580 2018 pectus
598 1934 773 2010 amoribus;

215 2038 315 2112 Quum
330 2056 388 2100 nec
400 2035 480 2101 ferre
493 2036 603 2120 pedem
619 2037 766 2102 dedecuit
780 2036 893 2114 choris,

215 2138 282 2199 Nec
297 2150 413 2202 certare
422 2138 506 2222 joco,
523 2160 579 2202 nec
593 2139 667 2204 dure
681 2138 807 2205 brechia

214 2238 391 2302 Ludeutem
407 2239 516 2302 nitidis
531 2240 714 2323 virginibus,
730 2261 816 2304 socio

344 2339 457 2403 Dionos
472 2339 600 2404 celebris
614 2340 675 2405 die.

213 2443 299 2504 Num
316 2454 361 2519 tu,
375 2462 445 2524 quse
459 2441 560 2504 tenuit
580 2441 667 2506 dives
682 2440 901 2518 Achaemenes,

212 2544 278 2605 Aut
299 2541 424 2625 pinguis
439 2540 588 2625 Phrygiae
604 2543 796 2627 Mygdonius
817 2566 901 2629 opes,

171 2649 172 2652 ’
215 2645 395 2706 Permutore
411 2641 488 2706 velis
504 2642 588 2708 crine
603 2643 791 2728 Licymniae,

342 2745 456 2808 Plenus
471 2758 525 2808 aut
541 2745 684 2810 Arabum
701 2747 833 2811 domos?

213 2847 298 2909 Dum
314 2845 476 2930 flagrantia
490 2846 652 2931 detorquet
665 2848 706 2912 ad
720 2849 825 2914 osculo

214 2948 386 3025 Cervicem‚
403 2962 457 3012 out
470 2948 555 3013 facili
569 2950 690 3015 servitio
703 2964 798 3036 negat

214 3051 293 3125 Qnae
307 3062 452 3133 poscente
467 3050 565 3134 magis
580 3052 715 3135 gaudeat
729 3052 817 3137 eripi,

340 3152 503 3216 Interdum
518 3174 626 3235 repere
639 3166 778 3236 occupet.

443 3433 538 3500 ODE
562 3437 672 3501 XIII.
729 3435 782 3513 (u.
799 3439 886 3517 xix.)

265 3589 301 3632 IN
327 3591 505 3647 Ausonum,
529 3592 629 3634 CUJUS
656 3594 741 3635 CASU
769 3594 807 3636 IN
829 3592 918 3636 Actto
942 3592 1067 3636 SABINO

464 3692 556 3734 Putet:
580 3692 763 3737 ot‘rltssssus
785 3693 859 3736 EST.

215 3802 301 3864 leun
316 3814 348 3865 et
363 3802 482 3866 nefasto
497 3815 530 3866 te
543 3802 647 3887 posuit
665 3803 727 3881 die,

215 3901 398 3986 Quicunque
412 3892 558 3987 primum,
575 3917 606 3969 ct
620 3903 768 3990 sacrilego
782 3929 876 3975 manu

256 4005 420 4084 l‘roduxit,
436 4008 535 4085 orbos,
552 4007 584 4071 in
600 4020 746 4092 nepotum

300 4107 472 4173 l‘crniciem
488 4111 746 4196 opprobriumque
760 4113 844 4196 pugi.
