2872 5010
489 496 731 539 nrrsrormnuu
748 496 814 538 niu.
832 497 870 538 rr.
887 476 917 537 1.
1145 471 1210 554 227

219 649 295 714 Plus
310 647 421 724 oneris,
433 659 550 732 quanto
564 647 664 710 venire
680 646 791 711 minus.
839 647 956 731 Aspice
972 647 1103 711 Plautus
1148 646 1211 727 170

217 753 288 830 Quo
301 763 392 835 pacto
406 763 510 834 partes
524 762 643 813 tutetur
657 749 789 812 amantis
804 748 938 833 ephebi;

218 855 266 918 Ut
281 852 377 936 patris
392 852 522 923 attenti;
547 851 666 915 lenonis
681 865 718 915 ut
732 851 889 915 insidiosi:

218 957 360 1033 Quantus
376 955 416 1018 sit
431 955 613 1018 Dossennus
628 953 773 1018 edacibus
787 953 819 1016 in
835 955 997 1037 parasitis;

218 1060 319 1136 Quam
335 1079 395 1120 non
411 1055 560 1120 adstricto
574 1069 733 1140 percurrat
747 1055 868 1140 pulpita
882 1079 980 1121 socco.

217 1159 323 1223 Gestit
337 1160 417 1222 enim
434 1180 594 1222 nummum
609 1159 643 1222 in
659 1158 776 1223 loculos
792 1159 965 1239 demittere,
981 1160 1125 1244 posthoc
1148 1158 1211 1242 176

217 1261 351 1326 Securus
366 1261 456 1325 cadat
471 1283 510 1324 an
526 1275 609 1325 recto
625 1275 686 1325 stet
700 1261 806 1325 fabula
821 1263 892 1326 talo.

218 1363 317 1439 Quem
333 1363 406 1427 tulit
421 1363 461 1425 ad
477 1384 598 1426 scenam
614 1376 742 1426 ventoso
758 1363 868 1427 Gloria
883 1387 986 1440 curru,

216 1466 389 1531 Exanimat
404 1465 506 1527 lentus
521 1477 687 1545 spectator,
704 1462 830 1525 sedulus
844 1462 944 1540 inflat,

217 1568 270 1633 Sic
284 1569 364 1644 leve,
381 1570 425 1629 sic
438 1586 569 1649 parvum
584 1579 642 1642 est,
658 1564 795 1627 animum
811 1566 895 1649 quod
910 1565 1011 1630 laudis
1026 1586 1153 1632 avarum

217 1670 347 1735 Subruit
362 1666 522 1732 ac-reficit.
567 1665 677 1728 Valeat
691 1688 740 1729 res
756 1665 886 1742 ludicra,
903 1667 929 1730 si
940 1688 991 1730 me
1148 1669 1211 1731 180

217 1773 329 1836 Palma
343 1782 455 1854 negata
470 1789 619 1844 macrum,
634 1768 748 1831 donata
762 1768 882 1833 reducit
898 1769 1045 1851 opimum.

218 1875 310 1955 Saepe
326 1870 418 1934 etiam
434 1870 580 1933 audacem
596 1869 684 1952 fugat
698 1868 758 1935 hoc
774 1885 928 1958 terretque
942 1880 1077 1957 poetam,

217 1975 313 2052 Quod
328 1994 455 2036 numero
470 1972 585 2057 plures,
602 1972 716 2036 virtute
730 1987 761 2037 et
775 1974 891 2040 honore
906 1976 1050 2055 minores,

217 2077 341 2140 ludocti
357 2076 533 2160 stolidique,
550 2088 581 2139 et
595 2075 774 2160 depugnare
788 2079 901 2161 parati,

219 2181 253 2244 si
268 2180 422 2244 discordet
437 2201 540 2263 eques,
554 2177 656 2241 media
669 2179 751 2242 inter
765 2181 901 2243 carmina
915 2193 1047 2263 poscunt
1148 2180 1210 2244 185

217 2284 284 2346 Aut
298 2304 404 2345 ursum
420 2294 475 2346 aut
489 2279 628 2364 pugiles:
653 2278 703 2342 his
718 2301 790 2343 narn
806 2280 967 2364 plebecula
981 2282 1107 2365 gatrdet.

219 2387 333 2449 Vemm
349 2383 444 2468 equiti
460 2405 582 2467 quoque
591 2383 656 2467 jam
673 2382 818 2465 migravit
832 2384 872 2447 ab
885 2406 960 2448 aure
974 2383 1116 2467 voluptas

219 2486 329 2550 Omnis
345 2486 384 2548 ad
399 2486 531 2549 incertos
546 2484 650 2547 oculos
666 2496 697 2547 et
712 2485 827 2567 gaudia
842 2506 930 2549 vana.

219 2591 373 2666 Quattuor
388 2600 442 2651 aut
459 2587 563 2671 plures
578 2586 678 2649 aulaea
692 2600 874 2668 premuntur
890 2586 921 2649 in
934 2586 1038 2662 horas,

219 2691 304 2754 Dum
320 2687 447 2772 fugiunt
461 2689 600 2771 equitum
617 2702 727 2751 turmae
742 2687 944 2773 peditumque
959 2703 1110 2761 catervae3
1148 2689 1211 2756 190

219 2792 300 2854 Mox
314 2790 448 2856 trahitur
462 2790 603 2853 manibus
617 2811 725 2872 regum
741 2789 864 2854 fortuna
878 2793 1011 2872 retortis,

219 2893 339 2957 Esseda
352 2892 511 2971 festinant,
525 2888 654 2976 pilenta,
670 2891 827 2976 petorrita,
844 2914 960 2969 naves;

219 2993 388 3078 Captivum
404 3007 544 3078 portatur
558 2996 644 3073 ebur,
661 2996 784 3079 captiva
800 2995 980 3059 Corinthus.

219 3095 254 3159 Si
268 3095 348 3159 foret
362 3095 394 3158 in
412 3097 512 3174 terris,
527 3098 641 3160 rideret
657 3096 873 3166 Democritus;
898 3117 953 3158 seu

219 3197 388 3261 Diversum
403 3196 530 3260 confusa
543 3219 642 3281 genus
656 3194 807 3279 panthera
818 3197 953 3274 camelo;
1149 3198 1211 3265 195

220 3298 295 3362 Sive
308 3298 447 3382 Elephas
462 3298 550 3361 albus
565 3298 651 3384 vulgi
666 3311 856 3363 converteret
871 3323 942 3365 ora:

220 3400 381 3484 Spectaret
394 3399 543 3484 populum
559 3399 641 3464 ludis
653 3402 801 3466 attentius
816 3403 902 3487 ipsis,

219 3502 268 3565 Ut
283 3501 341 3564 sibi
357 3503 544 3585 praebentem
560 3504 655 3566 mimo
671 3505 845 3587 spectacula
859 3507 958 3581 plura.

221 3602 392 3686 Scriptores
407 3615 509 3667 autern
525 3626 648 3667 narrare
662 3615 785 3686 putaret
800 3604 895 3666 asello

219 3704 378 3768 Fabellam
395 3705 504 3768 surdo:
530 3725 599 3767 nam
616 3725 686 3788 quae
702 3703 880 3786 pervincere
894 3724 985 3767 voces
1147 3707 1211 3770 200

220 3805 376 3870 Evaluere
391 3827 511 3883 sonum,
527 3805 664 3869 referunt
677 3826 770 3890 quern
785 3817 889 3870 nostra
904 3806 1050 3872 theatra?

220 3908 404 3992 Garganum
418 3907 539 3993 mugire
553 3921 644 3992 putes
659 3930 779 3987 nemus,
795 3923 850 3973 aut
872 3934 955 3975 mare
969 3911 1125 3975 Tuscum:

218 4009 321 4072 Tanto
337 4031 407 4073 curn
424 4009 554 4092 strepitu
569 4010 636 4075 ludi
652 4026 842 4096 spectantur,
857 4027 888 4078 et
906 4027 999 4090 artes,

220 4110 413 4194 Divitiaeque
428 4112 619 4193 peregrinae3
644 4115 756 4198 quibus
771 4114 885 4178 oblitus
900 4128 985 4179 actor

221 4213 302 4276 Corn
319 4213 405 4277 stetit
421 4212 452 4275 in
468 4234 570 4292 scena,
587 4219 742 4281 concurrit
756 4218 884 4281 dextera
898 4216 998 4280 laevae.
1155 4221 1218 4282 205

1026 4338 1048 4383 Q
1070 4325 1089 4379 2
