2948 5422
332 455 396 519 118
661 475 692 522 e·
711 473 857 519 nonarn
882 475 1006 522 resecr

380 625 519 690 Divesne
533 624 634 710 prisco
649 637 741 689 natus
756 625 796 692 ab
811 624 931 691 Inacho

380 728 436 792 Nil
450 727 589 806 interest,
605 749 644 791 an
660 749 776 812 pauper
789 739 821 790 et
837 726 945 791 infima

423 829 475 892 De
488 841 582 913 gente
596 829 654 892 sub
668 828 741 893 divo
755 828 893 906 moreris,

465 930 600 994 Victima
613 929 659 992 nil
673 929 847 993 miserantis
860 929 945 993 Orci.

379 1032 496 1096 Omnes
510 1031 619 1095 eodem
633 1030 789 1114 cogimur:
805 1029 943 1094 omnium

379 1134 527 1196 Versatur
541 1154 620 1196 urna
633 1131 730 1196 serius
746 1131 833 1196 ocius

422 1236 495 1299 Sors
509 1234 641 1312 exitura,
657 1246 688 1298 et
703 1254 759 1298 nos
774 1233 808 1297 in
821 1245 972 1297 aeternum

465 1334 621 1398 Exsilium
637 1333 819 1418 impositura
832 1334 961 1418 cymhae.

635 1560 731 1623 ODE
755 1560 813 1622 IV.
841 1557 894 1632 (u.
911 1564 1028 1644 xvnr.)

593 1715 640 1769 nn
670 1713 862 1757 xnnrrnnu
896 1714 1068 1759 euoenon.

378 1815 434 1876 Nn
450 1811 491 1876 eit
506 1811 627 1875 ancillae
647 1812 704 1876 tihi
718 1834 803 1876 amor
818 1813 941 1897 pudori,

378 1913 520 1978 Xanthia
536 1911 683 1986 Phoceu;
700 1912 787 1996 prius
800 1913 983 1977 insolentem

379 2016 474 2078 Serva
489 2012 605 2075 Briseis
619 2013 710 2075 niveo
725 2012 826 2076 colore

507 2111 613 2177 Movit
632 2111 812 2176 Achillem:

379 2211 485 2278 Movit
500 2213 626 2298 Ajacem
643 2213 816 2279 Telamone
830 2227 939 2279 natum

378 2318 494 2381 Forma
508 2315 639 2400 captivae
658 2315 817 2381 dominum
833 2319 1029 2382 Tecmessoe:

378 2417 465 2482 Arsit
479 2418 605 2482 Atrides
620 2419 721 2482 medio
736 2419 769 2482 in
784 2419 941 2504 triumpho

507 2518 636 2603 Virgine
650 2532 760 2605 rapta;

378 2621 524 2684 Barberae
539 2633 702 2704 postquam
717 2622 855 2687 cecidere
875 2635 986 2687 turmae

379 2720 533 2784 Thessalo
546 2720 674 2798 victore,
690 2733 721 2785 et
735 2723 875 2785 ademtus
891 2725 1012 2787 Hector

260 2823 264 2831 '
379 2821 527 2885 Tradidit
546 2820 634 2883 fessis
648 2821 764 2884 leviora
780 2823 846 2884 tolli

508 2922 660 3004 Pergama
675 2921 790 2983 Graiis.

379 3023 508 3087 Nescias
523 3044 562 3086 an
578 3035 608 3085 te
620 3043 768 3105 generum
783 3022 865 3086 beati

381 3125 537 3211 Phyllidis
552 3124 641 3188 flava>
656 3125 800 3189 decorent
816 3138 974 3210 parentes:

379 3228 516 3312 Regium
531 3241 613 3292 certe
627 3248 736 3311 genus,
751 3240 784 3291 et
797 3241 923 3313 penates

510 3331 627 3393 Moeret
641 3328 770 3413 iniquos.

379 3433 483 3497 Crede
497 3453 560 3495 non
574 3430 659 3494 illam
675 3430 734 3493 tibi
748 3431 787 3495 de
802 3431 930 3495 scelesta

381 3534 479 3599 Plebe
493 3533 636 3598 dilectam
649 3558 657 3612 3
679 3554 780 3617 neque
794 3534 837 3598 sic
851 3533 985 3613 fidelem,

382 3637 434 3702 Sic
448 3637 534 3700 lucro
548 3657 685 3700 aversam
700 3637 835 3720 potuisse
849 3636 933 3700 nasci

509 3739 614 3801 Matre
629 3739 784 3822 pudenda.

381 3838 516 3905 Brachia
530 3852 561 3902 et
576 3840 697 3903 vultum
713 3853 885 3924 teretesque
901 3863 987 3906 suras

383 3945 509 4026 Integer
522 3939 632 4004 laudo:
656 3941 731 4023 fuge
745 3941 904 4025 suspicari,

382 4043 481 4127 Cujus
495 4054 637 4105 octavum
654 4040 820 4123 trepidavit
834 4054 908 4105 aetas

511 4143 663 4207 Claudere
678 4142 818 4207 lustrum.
