2872 5010
191 427 234 488 2-2
511 447 543 492 u.
567 446 712 488 nonaum
738 448 861 490 resecr

194 599 289 661 Artes
304 618 380 680 quae
395 596 503 659 doceat
517 597 618 681 quivis
633 618 726 682 eques
741 610 833 682 atque
849 613 973 664 senator

194 701 299 762 Semet
313 710 494 782 prognatos:
520 712 635 762 vestem
651 720 815 784 servosque
829 716 1001 786 sequentes,

197 799 236 863 ln
252 821 363 885 magno
378 813 413 863 ut
427 800 554 884 populo,
570 801 595 864 si
610 801 680 885 quis
695 801 835 878 vidisset,
849 803 932 868 avita

196 903 248 966 Ex
263 924 295 966 re
310 902 438 984 proeberi
455 915 574 965 sumtus
588 901 665 965 mihi
680 902 819 966 crederet
833 903 912 968 illos.
1144 912 1192 974 80

197 1004 270 1087 Ipse
286 1003 362 1067 mibi
377 1017 479 1067 custos
494 1003 776 1088 incorruptissimus
790 1025 897 1068 omnes

196 1106 320 1169 Circum
337 1107 478 1169 doctores
492 1105 607 1168 ederat.
652 1104 737 1182 Quid
752 1104 874 1169 multa?
896 1106 1044 1191 pudicum

198 1207 275 1287 (Qui
291 1208 408 1293 primus
424 1207 549 1270 virtutis
564 1206 675 1280 honos)
691 1207 824 1270 servavit
838 1207 878 1270 ab
893 1208 977 1272 omni

198 1310 269 1373 Non
286 1310 384 1372 solum
400 1309 492 1384 facto,
509 1330 615 1372 verum
631 1309 794 1392 opprobrio
809 1330 931 1394 quoque
947 1311 1048 1395 turpi:

198 1412 266 1474 Nec
282 1412 397 1489 timuit,
414 1411 527 1475 sibine
543 1411 620 1474 virio
635 1411 705 1495 quis
721 1424 862 1488 verteret,
879 1411 952 1475 olim
1146 1418 1192 1480 85

199 1513 232 1577 Si
248 1534 350 1598 praeeo
363 1536 484 1598 parvas,
501 1526 555 1578 aut
571 1515 617 1591 (ut
630 1513 690 1576 fuit
705 1513 785 1597 ipse)
802 1525 923 1578 coactor

122 1671 126 1682 .
199 1616 361 1679 Mercedes
371 1638 526 1700 sequerer:
541 1638 640 1699 neque
649 1637 706 1698 ego
715 1636 811 1678 essem
821 1630 957 1700 questus.
981 1618 1097 1682 Athoe
1105 1640 1192 1683 nunc

197 1717 285 1782 Laus
299 1718 345 1780 illi
360 1719 499 1794 debetur,
522 1731 553 1783 et
568 1740 586 1782 a
601 1739 650 1781 me
664 1717 765 1800 gratia
778 1719 885 1804 major.

199 1819 254 1883 Nil
271 1841 319 1884 mc
334 1821 483 1905 paeniteat
499 1842 606 1884 sanum
626 1819 722 1902 patris
737 1819 849 1902 hujus:
877 1843 973 1906 eoque

198 1918 282 1992 Non,
299 1932 334 1982 ut
349 1940 460 2002 magna
470 1918 543 1982 dolo
556 1919 671 1981 factum
687 1930 781 2001 neget
795 1940 861 1982 esse
875 1940 932 1982 suo
946 1942 1027 2004 pars,
1146 1923 1191 1988 90

198 2020 289 2098 Quod
305 2041 365 2082 non
381 2020 531 2102 ingenuos
546 2018 657 2082 habeat
672 2018 830 2102 clarosque
844 2033 987 2101 parentes
998 2046 1053 2095 ;—

198 2120 250 2185 Sic
265 2142 314 2184 mc
327 2120 500 2184 defendam.
545 2119 656 2204 Longe
671 2140 739 2184 mea
753 2120 907 2206 discrepat
920 2122 988 2186 istis

198 2226 244 2289 Et
260 2246 321 2288 vox
337 2237 368 2289 et
382 2224 478 2289 ratio:
502 2245 574 2288 nam
591 2223 616 2287 si
632 2237 744 2287 nature
753 2223 879 2308 juberet

198 2329 226 2391 A
243 2329 334 2393 certis
348 2329 437 2393 annis
452 2349 552 2392 aevum
568 2349 704 2392 remeare
719 2341 888 2412 peractum,

198 2431 302 2516 Atque
316 2431 392 2494 alios
408 2431 508 2515 legere
523 2431 562 2494 ad
576 2430 690 2494 fastum
706 2450 904 2515 quoscunque
919 2444 1060 2515 parentes
1070 2455 1126 2506 3·-
1147 2432 1190 2498 95

198 2538 331 2618 Optaret
346 2537 402 2601 sibi
418 2540 566 2623 quisque;
591 2538 668 2601 meis
684 2549 858 2616 contentus,
874 2538 1019 2603 honestos

199 2637 349 2700 Fascibus
364 2649 396 2701 et
411 2637 493 2701 sellis
508 2637 620 2700 nollem
638 2638 714 2701 mihi
730 2660 861 2717 sumere,
878 2641 1005 2703 demens

198 2737 326 2801 ‚Iudicio
341 2738 447 2820 vulgi;
472 2760 564 2801 sanus
579 2738 706 2801 fortasse
720 2752 785 2815 tuo,
801 2738 886 2823 quod

199 2838 321 2903 Nollem
337 2860 414 2902 onus
431 2838 530 2914 (haud
545 2859 680 2921 uuquam
697 2837 821 2920 solitus)
838 2852 959 2922 portare
974 2840 1148 2903 molestum.

200 2942 280 3005 Nam
296 2939 372 3002 mihi
388 2939 534 3002 contiuuo
550 2937 646 3021 major
660 2938 827 3022 quaerenda
844 2939 923 3002 foret
936 2961 996 3015 res,
1128 2943 1193 3006 100

200 3045 308 3128 Atque
323 3039 477 3105 salutandi
492 3039 614 3123 plures3
639 3038 800 3102 ducendus
815 3053 847 3103 et
862 3061 943 3102 unus

200 3146 245 3209 Et
260 3166 360 3210 comes
375 3142 463 3220 alter,
479 3143 524 3207 uti
539 3164 579 3206 ne
594 3141 676 3206 solus
691 3162 782 3203 rusve
797 3163 964 3225 peregreve

201 3246 349 3318 Exirem;
373 3245 477 3330 plures
492 3244 612 3308 calones
630 3256 721 3328 atque
737 3243 846 3307 caballi

202 3348 374 3420 Pascendi;
397 3347 539 3410 ducenda
552 3345 709 3429 petorrita.
755 3346 849 3409 Nunc
864 3347 941 3411 mihi
957 3362 1044 3412 curto

203 3450 254 3514 Ire
270 3449 342 3513 licet
357 3448 452 3524 mulo,
467 3449 528 3523 vel,
544 3447 569 3510 si
585 3447 672 3525 libet,
686 3467 784 3530 usque
800 3448 986 3526 Tarentum,
1130 3453 1192 3514 105

203 3551 345 3615 Mantica
360 3549 409 3614 cui
424 3549 545 3613 lumbes
560 3571 651 3613 onere
666 3548 793 3625 ulceret,
812 3563 905 3632 atque
919 3572 1012 3634 eques
1027 3574 1136 3615 arruns.

203 3652 341 3736 Objiciet
356 3673 447 3715 nemo
461 3652 566 3715 sordes
581 3651 669 3727 mihi,
686 3673 762 3735 quas
777 3650 845 3722 tibi,
863 3649 953 3726 Tilli,

205 3755 286 3816 Cum
303 3753 438 3816 Tiburte
452 3753 503 3817 via
517 3766 679 3838 praetorem
694 3753 832 3837 quinque
846 3765 1017 3834 sequuntur

206 3856 256 3918 'l'e
271 3854 370 3939 pueri,
386 3854 524 3917 lasanum
541 3852 987 3937 portantesoennphorumque.

206 3954 279 4020 Hoc
292 3977 350 4040 ego
362 3954 552 4019 commodius
566 3975 658 4038 quam
675 3967 721 4029 tu,
739 3952 884 4035 praeclare
900 3967 1032 4033 senator,
1135 3958 1198 4020 110

206 4056 352 4122 Millibus
366 4069 458 4141 atque
473 4055 552 4129 aliis,
567 4056 656 4131 viv03
678 4074 861 4138 quacunque
878 4053 974 4117 libido
988 4070 1046 4131 est,

207 4158 324 4224 Incede
340 4156 442 4234 solum
464 4171 625 4241 percontor
640 4155 747 4241 quanti
763 4155 842 4233 olus,
858 4179 893 4220 ac
909 4157 973 4235 fnr3
