2872 5010
473 798 730 898 d.nonsun
756 831 918 895 nnrccr

338 1001 1059 1103 EPISTOLARUM

534 1209 658 1267 LIBER
686 1210 855 1271 PRIMUS.

503 1375 701 1383 ›-——-—-.

550 1505 788 1571 EPISTULA
813 1509 841 1570 I.

533 1681 578 1721 Au
604 1681 842 1722 umcENATEm.

198 1820 319 1882 Purus
335 1819 417 1883 dicte
433 1819 521 1895 milri,
538 1841 659 1882 summe
674 1819 804 1882 dicende
819 1820 980 1895 Camoeno,

198 1923 375 2004 Spectatum
393 1922 477 1996 satie,
493 1935 523 1983 et
539 1922 686 1982 donatum
697 1921 763 2002 jam
780 1921 869 1996 rude,
884 1921 1010 2003 quoeris,

198 2023 368 2096 Maecenas,
385 2021 495 2083 iterum
512 2021 638 2103 antiquo
654 2041 702 2082 me
717 2020 877 2083 includere
891 2021 976 2083 ludo.

198 2124 271 2185 Non
286 2122 392 2186 eodem
407 2137 454 2186 est
470 2137 556 2199 aetas,
571 2144 633 2185 non
649 2142 746 2184 mens.
791 2121 941 2185 Veianius
957 2125 1050 2187 armis

197 2226 345 2290 Herculis
361 2227 401 2290 od
415 2241 532 2310 postem
549 2225 629 2301 lixis,
644 2226 721 2288 latet
736 2224 859 2288 abditus
871 2246 958 2309 agro,

198 2330 248 2393 Ne
263 2331 412 2413 populum
429 2343 566 2394 extrema
582 2328 672 2392 toties
687 2341 792 2390 exoret
807 2350 910 2391 arena.

197 2433 258 2495 Est
273 2431 350 2495 mihi
364 2447 527 2517 purgatam
544 2431 649 2496 crebro
665 2431 717 2515 qui
732 2443 874 2514 personet
889 2451 1010 2502 eurem;

197 2534 290 2596 Solve
305 2550 511 2599 senescentem
524 2549 642 2598 mature
658 2555 751 2596 simus
766 2553 889 2617 equum,
905 2553 944 2594 ne

194 2634 307 2697 Peceet
322 2638 360 2699 ad
377 2653 546 2701 extremum
563 2636 721 2709 ridendus,
740 2649 770 2698 et
785 2635 839 2697 ilia
853 2635 956 2697 ducet.

194 2734 289 2797 Nunc
305 2735 408 2819 itaque
424 2750 454 2798 et
470 2759 575 2799 versus
590 2752 620 2799 et
636 2750 747 2798 eaetera
763 2736 881 2799 Iudiera
897 2758 995 2820 pono:
1150 2741 1191 2803 lo

195 2836 280 2915 Quid
296 2859 400 2900 verum
417 2853 508 2921 atque
524 2839 646 2911 decens,
664 2860 737 2899 curo
753 2851 784 2901 et
805 2861 890 2920 rogo,
912 2854 944 2902 et
964 2841 1063 2904 omnis
1083 2844 1116 2904 In
1131 2841 1190 2906 hoc

194 2939 304 3002 Condo
319 2951 350 3002 et
365 2960 513 3021 compono
528 2960 598 3020 quae
614 2959 685 2998 mox
699 2938 878 3019 depromere
894 2942 1018 3022 possim.
1084 2942 1187 3023 [sumz

194 3043 241 3104 Ac
255 3062 295 3104 ne
309 3040 387 3105 sorte
402 3063 500 3123 roges,
516 3061 576 3123 quo
591 3061 639 3102 me
654 3038 745 3115 duee,
761 3062 822 3122 quo
836 3039 900 3103 lare
916 3056 1016 3106 tuter:

196 3143 324 3207 Nullius
340 3141 591 3224 addietusjurare
607 3143 638 3205 in
655 3143 747 3206 verba
763 3142 914 3226 magistri,

196 3248 266 3323 Quo
282 3266 331 3309 me
346 3267 476 3329 cumque
491 3246 572 3329 repit
588 3260 766 3330 tempestas,
782 3246 904 3310 deferor
919 3247 1040 3332 hospes.
1150 3253 1189 3315 15

195 3348 226 3411 N
230 3369 290 3410 une
305 3348 394 3432 egilis
405 3348 456 3424 fio,
473 3362 504 3410 et
520 3369 633 3411 mersor
648 3347 791 3410 civilibus
806 3348 909 3425 undis,

193 3449 327 3513 Virtutis
342 3472 423 3515 verm
439 3464 542 3515 custos
556 3449 735 3534 rigidusque
750 3450 890 3514 satelles:

193 3552 287 3615 Nunc
302 3552 333 3615 in
350 3553 506 3638 Aristippi
521 3553 626 3617 furtIm
642 3566 798 3638 praecepta
813 3552 941 3629 relabor,

194 3652 240 3715 Et
254 3652 331 3715 mihi
346 3675 405 3729 res,
422 3678 484 3719 non
500 3679 549 3721 me
563 3658 654 3721 rebus
670 3657 855 3741 subjungere
871 3677 972 3719 eonor.

192 3757 241 3820 Ut
256 3777 317 3819 nox
331 3755 437 3840 longo,
453 3759 565 3841 quibus
581 3759 729 3822 mentitur
742 3759 850 3836 amieo,
865 3758 991 3842 diesque
1146 3760 1188 3821 20

192 3857 296 3922 Lente
310 3856 433 3921 videtur
448 3881 526 3940 opus
540 3860 744 3932 debentibus3
769 3874 805 3922 ut
819 3860 907 3941 piger
922 3882 1020 3923 annus

194 3960 339 4044 Pupillis,
355 3982 431 4044 quos
446 3961 523 4022 dure
538 3961 651 4041 premit
666 3960 806 4021 custodie
821 3971 971 4022 matrum:

193 4063 245 4125 Sic
259 4062 336 4125 mihi
353 4062 440 4125 turdo
454 4060 554 4124 fluunt
570 4059 750 4142 ingratoque
767 4072 914 4142 tempora,
930 4084 999 4145 qum
1015 4084 1099 4147 spem

193 4164 427 4248 Consiliumque
442 4177 599 4227 morantur
614 4160 725 4242 agendi
741 4161 882 4243 giraviter
897 4162 929 4225 id
945 4165 1027 4246 quod
