2872 5010
192 478 256 541 230
516 496 547 540 u.
568 491 711 538 nouam
735 491 857 534 rancor

197 646 318 711 Tibure
333 645 381 709 vel
397 643 521 720 Gabiis,
538 656 569 708 et
583 656 684 709 tecum
701 643 744 706 sic
760 655 851 727 agat3
881 641 946 703 Hic
960 652 992 702 et

196 748 371 826 Candidus,
386 760 417 811 et
433 747 511 811 talos
526 769 544 809 a
559 745 675 810 vertice
688 744 818 830 pulcher
832 744 871 808 ad
888 744 975 817 imos,

196 850 270 914 Fiet
284 851 403 936 eritque
419 865 490 914 tuus
505 870 701 913 nummorum
718 847 855 911 millibus
869 859 950 922 octo,
1169 845 1192 908 5

195 953 299 1017 Verria
314 952 492 1016 ministeriis
507 952 547 1015 ad
562 965 657 1014 nutus
670 963 761 1036 aptus
775 949 898 1025 heriles,

197 1054 362 1119 Litterulis
378 1054 499 1119 Graecis
520 1054 670 1128 imbutus,
686 1052 815 1115 idoneus
831 1051 889 1113 arti

198 1155 347 1232 Cuilibet,
365 1154 474 1238 argilla
489 1153 613 1236 quidvis
629 1153 798 1215 imitaberis
813 1153 890 1215 uda:

198 1257 385 1334 Quinetiam
402 1268 491 1319 canet
506 1255 678 1332 indoctum,
694 1255 748 1318 sed
764 1254 854 1317 dulce
869 1253 1000 1318 bibenti.

198 1357 306 1421 Multa
319 1357 410 1420 iidem
427 1355 577 1441 promissa
591 1356 708 1433 levant,
724 1356 778 1420 ubi
793 1356 915 1439 plenius
930 1377 1019 1441 aequo
1151 1359 1194 1419 10

199 1458 326 1522 Laudat
342 1458 478 1535 venales,
494 1459 547 1543 qui
562 1459 632 1522 vult
647 1459 820 1535 extrudere,
837 1481 962 1522 merces.

198 1561 263 1624 Res
275 1574 387 1644 urguet
402 1583 452 1624 me
467 1561 575 1634 nulla;
600 1583 668 1624 meo
683 1583 750 1624 sum
766 1561 929 1644 pauperia
944 1581 1023 1625 aerc:

197 1663 299 1726 Nemo
314 1664 375 1727 hoc
391 1685 577 1747 mangonum
593 1663 708 1727 faceret
723 1663 798 1726 tibi:
823 1684 884 1726 nou
900 1677 1013 1726 temere
1028 1686 1046 1728 a
1062 1685 1112 1727 ma

196 1765 308 1841 Quivis
319 1765 413 1829 ferret
427 1767 530 1836 idem;
556 1766 650 1828 semel
661 1765 713 1829 bic
729 1765 870 1842 cessavit,
885 1778 928 1842 et,
943 1780 979 1828 ut
993 1764 1039 1842 fit,

198 1868 238 1931 In
251 1867 341 1931 scalis
356 1868 448 1931 latuit
465 1882 605 1931 metuens
621 1867 785 1950 pendentis
800 1866 939 1930 habenae.
1151 1871 1192 1932 15

198 1971 264 2033 Des
279 1991 433 2046 nummos,
450 1984 578 2052 excepta
593 1968 674 2030 nihil
691 1983 720 2030 tc
736 1969 761 2030 si
777 1969 852 2051 fuga
866 1969 963 2033 laedit.

198 2070 260 2134 Ille
274 2070 354 2135 ferat
367 2071 513 2155 pretium,
529 2092 632 2155 poenoe
648 2092 784 2147 securus,
800 2071 918 2154 opinor.

198 2173 226 2244 il
239 2171 382 2237 Prudens
393 2173 496 2237 emisti
511 2173 656 2236 vitiosum
670 2197 678 2245 ;
704 2173 788 2238 dicta
802 2173 860 2237 tibi
876 2188 923 2237 est
937 2175 1006 2238 lex:

199 2277 375 2360 Insequeris
391 2288 494 2339 tamen
510 2275 605 2350 bunc,
618 2291 648 2338 et
664 2276 719 2339 lite
735 2276 862 2339 moraris
877 2277 995 2362 iniqua.

198 2377 377 2450 ilDixime
392 2378 515 2462 pigrum
532 2378 737 2462 proficiscenti
753 2379 821 2455 tibi,
837 2380 902 2441 dixi
1150 2384 1194 2445 20

198 2483 332 2548 Talibus
346 2482 453 2546 officiis
468 2505 564 2567 prope
578 2504 742 2554 mancum;
767 2502 805 2544 ne
821 2503 888 2544 mea
904 2504 1004 2545 saevus

197 2586 349 2668 Jurgares
365 2586 404 2649 ad
419 2599 449 2648 te
465 2586 548 2669 quod
563 2585 693 2669 epistola
704 2584 791 2647 nulla
806 2584 934 2647 reniret.

196 2689 282 2766 Quid
298 2700 363 2751 tum
376 2688 504 2772 profeci,
521 2710 641 2752 mecum
655 2686 801 2750 facientia
811 2686 885 2768 jura

198 2789 231 2852 Si
247 2802 350 2852 tamen
366 2789 524 2852 attentas?
550 2791 694 2866 Quereris
710 2812 802 2873 super
817 2789 876 2853 hoc
891 2789 996 2870 etiam,
1011 2793 1094 2875 quod

196 2892 387 2974 Exspectata
403 2890 458 2952 tibi
471 2912 532 2952 non
548 2891 669 2952 mittam
685 2892 822 2954 carmina
839 2895 979 2956 mendax.
1149 2897 1192 2957 25

195 2991 321 3056 Luculli
338 2991 426 3054 miles
441 2991 570 3055 collecta
585 2990 699 3054 viatica
720 2991 826 3054 multis

196 3091 372 3171 AErumnis,
389 3094 488 3157 lassus
503 3094 578 3157 dum
595 3105 688 3156 noctu
701 3094 814 3172 stertit,
828 3097 867 3158 ad
880 3117 976 3159 assem

196 3197 400 3260 Perdiderat:
425 3210 494 3278 post
509 3196 569 3259 boc
585 3195 751 3259 vehemens
767 3196 870 3281 lupuS,
884 3212 915 3262 et
930 3199 988 3263 sibi
1003 3212 1034 3263 ct
1048 3198 1129 3262 hosti

197 3298 300 3359 Iratus
316 3296 432 3378 pariter
442 3296 561 3378 jejunis
577 3297 723 3359 dentibus
739 3320 819 3375 acer,

197 3397 383 3460 Praesidium
399 3396 503 3479 regale
518 3396 584 3458 loco
596 3397 721 3480 dejecit,
737 3413 772 3461 ut
787 3400 886 3478 aiunt,
1148 3408 1193 3469 30

196 3500 325 3561 Summe
337 3498 469 3576 munito,
482 3513 512 3563 et
524 3498 691 3563 multarum
707 3500 806 3565 divite
820 3524 931 3566 rerum.

196 3598 307 3662 Clarus
330 3599 370 3662 ob
384 3598 417 3660 id
433 3598 561 3678 factum,
580 3600 670 3665 donis
685 3615 812 3664 ematur
825 3601 983 3676 honestis;

194 3698 325 3781 Accipit
341 3711 372 3761 et
386 3699 433 3762 bis
449 3699 528 3765 dena
544 3723 636 3785 super
651 3703 790 3768 sestertia
805 3704 976 3767 nummum.

193 3797 288 3861 Forte
304 3799 362 3860 sub
374 3799 432 3861 hoc
449 3813 570 3885 tempus
586 3804 745 3868 castellum
762 3821 898 3870 evertere
912 3821 1025 3889 praetor

192 3900 308 3963 Nescio
319 3900 402 3982 quod
414 3901 552 3983 cupiens,
566 3902 682 3966 hortari
699 3907 795 3990 coepit
811 3910 942 3972 eundem
1148 3913 1192 3974 35

192 4001 304 4063 Verbis
319 4022 389 4083 quae
405 4002 513 4065 timido
525 4026 646 4087 quoque
659 4022 784 4088 possent
799 4010 911 4074 addere
927 4024 1074 4074 mentem.

195 4103 210 4164 l
228 4102 306 4163 bone
321 4123 383 4184 quo
399 4103 497 4166 virtus
512 4119 566 4170 tua
587 4121 618 4169 te
633 4121 742 4180 vocat3
769 4111 777 4172 i
800 4112 878 4194 pede
892 4114 1005 4189 fausto,

193 4202 333 4266 Grandia
348 4205 467 4270 laturus
483 4208 659 4273 meritorum
683 4213 829 4293 praemia:
853 4216 927 4299 quid
944 4229 1005 4279 stas
1022 4221 1035 4277 i
