2872 5010
304 463 368 526 238
628 482 659 527 u·
684 479 830 523 uousru
857 478 980 522 risset

306 633 408 697 Terra
424 633 592 716 Neptunus
607 630 719 695 classes
734 629 947 712 Aquilonibus
960 642 1054 723 arcet,

306 734 404 817 Regis
420 755 497 818 opus
509 759 518 807 ;
544 732 717 818 sterilisque
728 731 789 796 h
803 708 1054 818 palua'ip't'aque
1068 734 1171 809 remis,

307 835 433 900 Vicinas
448 836 540 899 urbes
554 835 621 912 alit,
638 847 669 898 et
684 856 779 919 grave
794 818 899 897 sentis
902 847 1036 898 aratrum
1049 858 1059 906 3

308 939 370 1001 Seu
385 959 508 1001 cursum
524 937 657 1002 mutavit
676 936 817 1022 iniquum
837 937 979 1021 frugibus
994 936 1104 1011 amnis,

307 1040 429 1102 Doctus
444 1039 503 1101 iter
518 1038 647 1102 melius:
671 1038 812 1102 mortalia
826 1037 909 1102 sacta
925 1038 1090 1122 peribuut;

307 1141 432 1204 Nedum
449 1161 622 1202 sermonum
638 1153 698 1204 stet
713 1139 821 1215 honos,
838 1154 869 1204 et
883 1141 985 1224 gratis
998 1140 1101 1204 vim.

309 1240 415 1305 Multa
429 1254 628 1304 renascentur
637 1263 707 1325 quae
717 1241 783 1324 jam
797 1241 947 1319 cecidere,
963 1243 1136 1327 cadentque

308 1345 387 1421 Quae
402 1364 486 1406 nunc
501 1356 574 1406 sunt
589 1343 621 1405 in
637 1343 754 1407 honore
769 1342 932 1421 vocabula,
947 1343 972 1406 si
988 1343 1071 1407 volet
1085 1365 1172 1416 usus,

309 1450 409 1526 Quem
425 1469 519 1531 penes
532 1446 692 1510 arbitrium
706 1457 799 1509 estet
808 1445 863 1530 jus
878 1459 909 1509 et
923 1466 1031 1508 norma
1045 1444 1202 1528 loquendi.

309 1552 376 1615 Res
390 1562 488 1633 gestae
503 1571 672 1634 regumque
687 1548 874 1633 ducumque,
886 1561 917 1611 et
932 1546 1032 1610 tristis
1045 1546 1137 1623 bella,

311 1655 383 1731 Quo
399 1652 492 1716 scribi
508 1664 633 1735 possent
648 1672 786 1727 numero,
803 1650 986 1713 monstravit
1002 1651 1169 1712 Homerus

314 1754 460 1819 Versibus
475 1753 635 1837 impariter
644 1753 764 1838 junctis
779 1752 970 1836 querimonis
984 1751 1130 1835 primum,

309 1857 385 1920 Post
400 1856 492 1920 etiam
509 1856 628 1920 inclusa
644 1869 690 1919 est
705 1854 769 1917 voti
785 1854 936 1919 sententia
951 1875 1092 1937 compos:

310 1958 390 2037 Quis
404 1972 506 2021 tamen
520 1958 646 2041 exiguos
662 1958 764 2040 elegos
780 1955 914 2019 emiserit
930 1968 1046 2033 auctor,

310 2060 516 2124 Grammatici
530 2072 660 2135 certant,
676 2072 708 2121 et
724 2057 826 2121 adhue
841 2060 899 2122 sub
908 2059 1017 2143 judice
1031 2058 1071 2122 lis
1084 2073 1140 2124 est.

309 2161 531 2225 Archilochum
548 2161 672 2246 proprio
687 2160 786 2224 rabies
801 2161 933 2225 armavit
946 2161 1067 2225 iambo:

310 2263 409 2327 Hune
424 2265 505 2329 socci
520 2286 627 2347 cepere
642 2264 764 2347 pedem,
776 2264 970 2349 grandesque
984 2263 1139 2340 cothurni,

310 2366 447 2429 Alternis
463 2380 569 2451 aptum
586 2366 788 2442 sermonibus,
804 2379 835 2428 et
850 2365 1013 2448 populares

311 2467 495 2532 Vincentem
512 2467 669 2551 strepitus,
685 2480 716 2531 ct
728 2480 834 2530 natum
851 2470 941 2531 rebus
956 2467 1093 2550 agendis.

310 2571 407 2634 Musa
421 2571 507 2635 dedit
523 2570 635 2634 fidibus
651 2571 763 2649 Divos,
778 2590 949 2656 puerosque
964 2572 1114 2647 Deorum,

310 2672 356 2735 Et
370 2673 508 2756 pugilem
524 2673 682 2750 victorem,
698 2686 729 2736 et
745 2696 857 2758 equum
873 2673 1039 2737 certamine
1054 2672 1200 2756 primum,
1305 2723 1309 2728 .

310 2775 355 2835 Et
361 2774 514 2856 juvenum
530 2796 629 2849 curas,
642 2789 673 2837 et
688 2775 785 2838 libers
800 2776 872 2839 vina
886 2775 1009 2839 referre.

311 2875 491 2956 Descriptas
506 2896 627 2937 servare
642 2875 725 2937 viccs
739 2897 927 2960 operumque
942 2877 1058 2941 colores

310 2977 376 3040 Cur
391 2997 448 3059 ego
463 2975 489 3039 si
504 2996 622 3060 nequeo
637 2975 817 3060 ignoroque,
830 2978 927 3039 Poeta
943 2978 1081 3042 salutor?

310 3081 376 3142 Cur
390 3078 517 3158 nescire,
534 3079 654 3164 pudens
669 3100 774 3162 prsve,
790 3100 882 3163 quam
897 3078 1015 3143 discere
1030 3081 1132 3143 melo?

309 3180 456 3244 Versibus
473 3182 583 3265 exponi
600 3182 724 3267 tragicis
740 3204 788 3245 res
803 3182 919 3245 comica
934 3203 995 3244 non
1011 3182 1096 3244 vult:

309 3282 499 3364 Indignatur
514 3282 587 3344 item
604 3284 742 3364 privatis,
759 3305 795 3347 se
810 3306 905 3366 prope
919 3305 1007 3347 socco

309 3381 424 3465 Dignis
440 3381 625 3445 carminibus
640 3384 755 3446 narrari
772 3406 861 3447 coena
876 3382 1038 3467 Thyestes.

310 3483 440 3568 Singula
455 3505 585 3568 quaeque
599 3483 701 3548 locum
717 3499 842 3549 teneant
858 3486 965 3550 sortita
979 3487 1131 3550 decenter.

308 3586 471 3650 Interdum
489 3600 591 3651 tamen
607 3602 637 3652 et
653 3610 756 3652 vocem
769 3588 921 3652 comoedis
936 3588 1027 3667 tollit,

308 3687 473 3772 Iratusque
490 3687 640 3754 Chremes
655 3691 774 3755 tumido
789 3691 931 3775 delitigat
946 3713 1016 3754 ore:

306 3788 353 3849 Et
369 3789 504 3872 tragicus
519 3789 700 3876 plerumque
715 3793 799 3855 dolet
814 3815 953 3857 sermone
967 3791 1111 3877 pedestri.

308 3888 471 3972 Telephus
487 3901 517 3952 ct
532 3890 656 3968 Peleus,
673 3914 742 3954 cum
759 3910 920 3977 pauperet
935 3896 1033 3971 exsui,
1049 3906 1178 3978 uterque

308 3989 438 4071 Projicit
453 3991 615 4074 ampullas,
632 4004 662 4055 et
677 3994 901 4077 sesquipedalia
916 3997 1020 4073 verba,

311 4090 345 4152 Si
361 4106 447 4155 curat
463 4114 514 4156 cor
529 4092 696 4179 spectantis
713 4093 850 4177 tetigisse
865 4098 997 4180 querela.

308 4191 381 4254 Non
396 4194 470 4255 satis
486 4209 533 4259 est
548 4195 678 4278 pulchra
693 4217 758 4258 csse
773 4205 936 4280 po'e'mata;
960 4199 1066 4264 dulcia
1081 4210 1183 4273 sunto,
