2948 5422
320 448 385 514 206
654 473 683 518 α.
708 468 854 514 notarit
878 469 1002 515 rrmcct

365 629 416 692 Te
430 628 535 692 decem
550 626 632 692 tauri
646 627 836 713 totidemque
851 649 963 705 vaocae,

364 732 422 795 Me
438 745 524 795 tener
539 729 637 794 solvet
648 729 765 794 vitulus
780 729 888 794 relicta

364 836 480 912 Matre,
494 832 548 920 qui
562 832 655 916 largis
665 833 840 917 juvenescit
854 832 959 897 herbis

449 938 491 1001 In
504 958 573 1000 mea
591 947 674 1013 vota,

365 1041 482 1104 Fronte
497 1050 640 1103 curvatos
656 1037 796 1102 imitatus
810 1037 900 1123 ignes

364 1141 510 1206 Tertium
526 1141 628 1203 Lunae
643 1136 802 1203 referentia
816 1151 931 1216 ortum,

364 1245 435 1321 Qua
448 1256 554 1307 notam
571 1240 673 1317 duxit,
688 1240 799 1306 niveus
813 1241 924 1316 videri,

450 1346 575 1408 Caetera
589 1343 705 1406 fulvus.

634 1579 729 1641 ODE
754 1580 826 1643 111.
866 1578 919 1657 (u.
943 1584 1012 1655 xv.)

660 1734 706 1775 An
731 1731 983 1779 MELPOMENEN.

364 1849 468 1925 Qunu
485 1861 521 1911 tu
536 1848 737 1933 Melpomene
752 1849 846 1913 semel

408 1950 593 2012 Nascentem
609 1949 732 2033 placido
746 1950 864 2015 lumine
878 1951 1002 2028 videris,

366 2050 461 2114 Illum
477 2072 539 2114 non
554 2049 641 2114 labor
655 2049 806 2115 Isthmius

408 2151 548 2216 Clarabit
562 2151 712 2236 pugilem,
727 2174 789 2216 non
805 2175 902 2240 equus
918 2155 1051 2240 impiger

366 2257 470 2320 Curru
485 2255 578 2319 ducet
593 2253 734 2319 Achaico

410 2357 586 2431 Victorem;
610 2379 711 2443 neque
724 2380 773 2422 res
788 2358 898 2423 bellica
914 2360 1014 2424 Deliis

366 2462 519 2524 Ornatum
535 2458 617 2522 foliis
633 2459 755 2534 ducem,

410 2561 503 2639 Quod
518 2582 625 2644 regum
642 2561 776 2625 tumidas
791 2563 966 2627 contuderit
981 2564 1091 2640 minas,

366 2664 519 2727 Ostendet
535 2662 692 2746 Capitolio
704 2689 713 2736 ς

409 2765 471 2828 Sed
486 2787 555 2848 quae
572 2764 676 2827 Tibur
690 2787 778 2851 aquae
793 2767 894 2831 fertile
908 2767 1086 2851 praefluunt,

365 2871 410 2933 Et
426 2868 531 2951 spissae
546 2887 705 2929 nemorum
720 2890 827 2944 comae,

408 2968 546 3052 Fingent
562 2966 670 3030 AEolio
685 2968 820 3032 carmine
835 2971 980 3035 nobilem.

366 3071 477 3135 Romae
492 3070 641 3154 principis
656 3070 777 3134 urbium

409 3174 567 3257 Dignatur
582 3172 703 3236 suboles
718 3172 799 3237 inter
814 3174 959 3238 amabiles

365 3277 480 3339 Vatum
495 3298 608 3359 ponere
623 3296 673 3337 me
687 3275 816 3348 ch0r0s;

408 3379 453 3439 Et
462 3379 528 3461 jam
545 3378 637 3440 dente
651 3377 753 3440 minus
768 3379 909 3442 mordeor
924 3380 1038 3444 invido.

364 3482 393 3544 0
410 3479 574 3543 testudinis
589 3502 690 3542 aureae

408 3582 541 3645 Dulcem
557 3605 627 3666 quae
642 3581 817 3666 strepitum,
835 3581 931 3658 Pieri,
948 3578 1118 3666 temperas!

364 3685 393 3747 0
409 3684 503 3746 mutis
518 3706 639 3768 quoque
653 3685 791 3768 piscibus

407 3786 570 3849 Donatum
585 3787 685 3871 cycni,
701 3787 727 3849 si
742 3787 847 3862 libeat,
864 3789 993 3847 sonum!

360 3887 476 3949 Totum
493 3887 627 3950 muneris
642 3886 701 3949 hoc
716 3887 761 3949 tui
777 3901 834 3963 est,

406 3988 498 4064 Quod
513 4000 664 4049 monstror
678 3987 777 4070 digito
794 3987 1057 4070 praetereuntium,

364 4088 516 4150 Romanae
532 4089 643 4151 fidicen
660 4088 754 4169 lyrae:

406 4189 500 4265 Quod
515 4190 598 4272 spiro
613 4204 644 4254 et
658 4190 764 4273 placeo
781 4187 820 4264 (si
837 4190 966 4273 placeo),
984 4204 1070 4255 tuum
1086 4204 1144 4256 est.
1213 4209 1214 4215 ’
