2948 5422
244 450 308 518 226
569 471 600 517 c·
621 468 768 515 nonnam
793 468 916 513 rrisccr

249 622 356 688 Poscit
369 644 458 708 opem
474 621 597 695 chorus,
613 633 644 684 et
658 617 825 705 praesentia
839 617 968 682 numina
982 617 1100 694 seutit;

248 725 400 790 Coelestes
413 725 559 807 implorat
573 744 667 808 aquas
682 723 774 788 docta
787 741 878 805 prece
893 719 1045 795 blandus;
1187 728 1257 795 135

248 828 375 892 Avertit
390 828 522 903 morbos,
537 826 703 890 metuenda
717 822 856 908 pericula
869 821 978 905 pellit;

249 931 402 1013 Impetrat
416 941 447 992 et
461 949 581 1012 pacem,
595 939 626 990 et
640 925 826 1009 locupletem
841 923 982 1008 frugibus
997 947 1125 991 annum.

247 1031 392 1096 Carmine
408 1029 464 1091 Dii
478 1029 581 1112 superi
596 1028 769 1112 placantur,
784 1025 919 1090 carmine
935 1028 1059 1092 Manes.

247 1131 402 1214 Agricolae
417 1129 522 1213 prisci,
537 1129 642 1205 fortes,
658 1150 814 1213 parvoque
828 1127 922 1205 beati,

246 1231 382 1295 Condita
395 1242 467 1315 post
480 1229 647 1307 frumenta,
662 1230 801 1294 levantes
816 1243 952 1313 tempore
966 1228 1045 1294 festo
1183 1237 1251 1302 140

246 1336 382 1417 Corpus,
398 1345 429 1396 et
444 1332 545 1416 ipsum
560 1331 696 1396 animum
714 1354 768 1416 spe
783 1332 854 1395 linis
868 1332 945 1395 dura
959 1330 1122 1412 ferentem,

246 1438 326 1500 Cum
343 1436 432 1500 sociis
447 1456 585 1519 operum,
601 1434 715 1518 pueris,
732 1447 763 1498 et
779 1435 911 1519 conjuge
925 1434 998 1511 lida,

246 1537 407 1602 Tellurem
422 1558 527 1621 porco,
545 1535 716 1619 Sylranum
731 1535 812 1600 lacte
826 1536 963 1620 piabant,

244 1639 389 1703 Floribus
404 1652 435 1702 et
450 1637 523 1701 vino
539 1638 688 1713 Genium,
702 1659 868 1702 momorem
884 1637 985 1702 brevis
1001 1639 1071 1702 aevi.

244 1740 437 1804 Fescennina
452 1762 508 1824 per
520 1739 605 1804 hunc
619 1741 747 1804 iuventa
756 1739 881 1804 licentia
895 1760 1009 1803 morem
1176 1746 1243 1809 145

241 1844 391 1909 Versibus
406 1843 532 1907 alteruis
546 1843 710 1926 opprobria
724 1841 840 1905 rustica
853 1839 956 1913 fudit;

242 1945 448 2029 Libertasque
462 1956 652 2009 recurrentes
667 1957 793 2025 accepta
809 1965 864 2028 per
879 1963 976 2007 annos

240 2045 333 2109 Lusit
345 2046 530 2119 amabiliter,
545 2045 643 2108 donec
652 2045 719 2128 jam
735 2065 837 2107 saevus
852 2058 988 2128 apertam

241 2148 281 2211 ln
296 2148 412 2211 rabiem
427 2147 505 2211 verti
521 2146 616 2231 eoepit
626 2147 728 2232 jocus,
744 2159 775 2210 et
789 2167 844 2229 per
859 2145 1002 2209 honestas

241 2251 293 2313 Ire
308 2250 415 2313 domos
429 2249 556 2332 impune
571 2249 693 2312 minax:
718 2247 844 2312 doluere
859 2259 986 2312 cruento
1168 2251 1237 2315 150

239 2351 344 2414 Dente
359 2350 491 2415 lacessiti
503 2376 513 2427 ;
534 2350 595 2413 fuit
609 2349 733 2413 intactis
747 2371 868 2434 quoque
884 2371 957 2413 cura

238 2452 426 2516 Conditione
442 2474 533 2536 super
548 2451 720 2516 communi:
746 2452 820 2536 quin
837 2451 929 2515 etiam
944 2451 995 2514 lex

237 2555 397 2638 Poenaque
412 2553 486 2630 lata,
497 2553 583 2621 ¹malo
598 2574 668 2637 quoe
683 2554 778 2617 nollet
793 2555 927 2618 carmine
942 2575 1118 2640 quenquam

235 2655 398 2719 Describi:
423 2670 542 2721 vertere
556 2656 694 2733 modum,
709 2656 872 2720 formidine
887 2655 990 2734 fustis,

234 2757 288 2818 Ad
301 2758 545 2820 benedicendum
560 2759 838 2843 delectandumque
852 2759 980 2822 redacti.
1164 2762 1232 2827 155

234 2858 358 2920 Graecia
373 2871 463 2942 capta
476 2860 573 2921 ferum
591 2860 737 2923 victorem
754 2862 847 2944 cepit,
864 2873 895 2924 et
910 2874 992 2924 artes

233 2958 346 3022 Intulit
360 2959 473 3043 agresti
490 2959 601 3023 Latio:
625 2960 668 3022 sic
684 2960 827 3024 horridus
842 2964 897 3026 ille

231 3061 374 3126 Deduxit
388 3084 534 3127 numerus
551 3062 724 3139 Saturnius,
740 3076 771 3125 et
786 3087 880 3148 grave
895 3065 978 3128 virus

230 3167 401 3231 Munditias
416 3167 580 3250 pepulere:
605 3166 660 3229 sed
675 3164 707 3228 in
722 3166 850 3250 longum
868 3181 969 3232 tamen
984 3190 1085 3231 aevum

230 3270 428 3344 Manserunt,
444 3268 598 3351 hodieque
614 3282 739 3331 manent
754 3271 884 3354 vestigia
898 3273 986 3334 ruris.
1158 3273 1228 3340 160

230 3371 323 3432 Serus
338 3369 419 3431 enim
437 3369 558 3432 Graecis
570 3370 707 3432 admovit
722 3372 864 3436 acumina
878 3372 1013 3445 chartis;

227 3472 273 3533 Et
288 3482 357 3553 post
374 3470 494 3533 Punica
507 3470 589 3535 bella
604 3472 737 3556 quietus,
753 3496 890 3558 quaerere
901 3475 996 3560 coepit

226 3573 310 3650 Quid
327 3573 495 3657 Sophocles
510 3589 541 3638 et
554 3573 688 3659 Thespis
703 3591 733 3640 et
750 3578 920 3662 AEschylus
934 3578 1012 3641 utile
1025 3576 1152 3644 ferrent.

224 3675 373 3740 Tentarit
387 3699 509 3762 quoque
523 3701 585 3742 rem
601 3703 610 3751 ;
635 3678 660 3741 si
676 3679 770 3762 digne
786 3693 905 3743 vertere
920 3692 1041 3763 posset;

224 3779 270 3840 Et
285 3777 402 3861 placuit
417 3780 485 3855 sibi,
503 3794 612 3848 natura
627 3781 767 3845 sublimis
779 3796 809 3844 et
824 3804 912 3845 acer:
1147 3770 1218 3850 16⁵

223 3881 305 3942 Nam
322 3880 418 3962 spirat
430 3883 578 3964 tragicum
595 3884 680 3958 satis,
696 3898 727 3948 et
741 3884 873 3947 feliciter
887 3886 1002 3957 audet;

222 3981 284 4044 Sed
300 3995 419 4064 turpem
436 3997 525 4066 putat
540 3983 649 4048 inscite
664 3987 835 4071 metuitque
850 3986 985 4051 lituram.

222 4083 379 4159 Creditur,
395 4107 433 4146 ex
450 4086 551 4149 medio
567 4088 639 4171 quia
653 4111 701 4154 res
716 4088 852 4167 arcessit,
867 4088 981 4154 babere

221 4184 349 4245 Sudoris
361 4185 541 4262 minimum;
567 4192 620 4253 sed
637 4190 730 4255 habet
746 4192 910 4256 Comoedia
925 4205 1011 4256 tanto
