<?xml version="1.0" encoding="UTF-8"?>
<!DOCTYPE html PUBLIC "-//W3C//DTD XHTML 1.0 Transitional//EN"
    "http://www.w3.org/TR/xhtml1/DTD/xhtml1-transitional.dtd">
<html xmlns="http://www.w3.org/1999/xhtml" xml:lang="en" lang="en">
 <head>
  <title>
</title>
<meta http-equiv="Content-Type" content="text/html;charset=utf-8" />
  <meta name='ocr-system' content='tesseract 3.04.00' />
  <meta name='ocr-capabilities' content='ocr_page ocr_carea ocr_par ocr_line ocrx_word'/>
</head>
<body>
  <div class='ocr_page' id='page_1' title='image "./horatiusrestitu00tategoog_0297.png"; bbox 0 0 2872 5010; ppageno 0'>
   <div class='ocr_carea' id='block_1_1' title="bbox 200 430 873 493">
    <p class='ocr_par' dir='ltr' id='par_1_1' title="bbox 200 430 873 493">
     <span class='ocr_line' id='line_1_1' title="bbox 200 430 873 493; baseline -0.004 0"><span class='ocrx_word' id='word_1_1' title='bbox 200 430 243 493; x_wconf 68' lang='lat' dir='ltr'>(ixl</span> <span class='ocrx_word' id='word_1_2' title='bbox 523 448 554 493; x_wconf 81' lang='lat' dir='ltr'>u.</span> <span class='ocrx_word' id='word_1_3' title='bbox 579 447 722 490; x_wconf 75' lang='lat' dir='ltr'>uosinrn</span> <span class='ocrx_word' id='word_1_4' title='bbox 752 447 873 491; x_wconf 40' lang='lat' dir='ltr'>siiaccr</span> 
     </span>
    </p>
   </div>
   <div class='ocr_carea' id='block_1_2' title="bbox 191 595 1207 4232">
    <p class='ocr_par' dir='ltr' id='par_1_2' title="bbox 201 595 1207 784">
     <span class='ocr_line' id='line_1_2' title="bbox 201 595 1207 681; baseline 0.005 -21"><span class='ocrx_word' id='word_1_5' title='bbox 201 599 294 679; x_wconf 83' lang='lat' dir='ltr'>Quod</span> <span class='ocrx_word' id='word_1_6' title='bbox 310 597 558 681; x_wconf 71' lang='lat' dir='ltr'>Methymnaeam</span> <span class='ocrx_word' id='word_1_7' title='bbox 574 595 652 661; x_wconf 90' lang='lat' dir='ltr'>vitio</span> <span class='ocrx_word' id='word_1_8' title='bbox 665 598 833 661; x_wconf 80' lang='lat' dir='ltr'>mutaverit</span> <span class='ocrx_word' id='word_1_9' title='bbox 851 619 953 665; x_wconf 86' lang='lat' dir='ltr'>uvam.</span> <span class='ocrx_word' id='word_1_10' title='bbox 1156 607 1207 668; x_wconf 81' lang='grc'>60</span> 
     </span>
     <span class='ocr_line' id='line_1_3' title="bbox 201 698 917 784; baseline -0.001 -17"><span class='ocrx_word' id='word_1_11' title='bbox 201 703 321 767; x_wconf 81' lang='lat' dir='ltr'>Erucas</span> <span class='ocrx_word' id='word_1_12' title='bbox 336 699 462 777; x_wconf 85' lang='lat' dir='ltr'>virides,</span> <span class='ocrx_word' id='word_1_13' title='bbox 477 698 578 763; x_wconf 86' lang='lat' dir='ltr'>inulas</span> <span class='ocrx_word' id='word_1_14' title='bbox 592 720 651 784; x_wconf 80' lang='lat' dir='ltr'>ego</span> <span class='ocrx_word' id='word_1_15' title='bbox 664 699 783 782; x_wconf 83' lang='lat' dir='ltr'>primus</span> <span class='ocrx_word' id='word_1_16' title='bbox 797 722 917 766; x_wconf 80' lang='lat' dir='ltr'>anmras</span> 
     </span>
    </p>

    <p class='ocr_par' dir='ltr' id='par_1_3' title="bbox 201 800 1052 888">
     <span class='ocr_line' id='line_1_4' title="bbox 201 800 1052 888; baseline 0 -19"><span class='ocrx_word' id='word_1_17' title='bbox 201 802 378 869; x_wconf 84' lang='lat' dir='ltr'>Monstravi</span> <span class='ocrx_word' id='word_1_18' title='bbox 389 803 564 888; x_wconf 87' lang='lat' dir='ltr'>incoquere,</span> <span class='ocrx_word' id='word_1_19' title='bbox 582 800 712 878; x_wconf 83' lang='lat' dir='ltr'>(inlutos</span> <span class='ocrx_word' id='word_1_20' title='bbox 728 803 882 867; x_wconf 85' lang='lat' dir='ltr'>Curtillus</span> <span class='ocrx_word' id='word_1_21' title='bbox 895 803 1052 888; x_wconf 64' lang='lat' dir='ltr'>echinos)</span> 
     </span>
    </p>

    <p class='ocr_par' dir='ltr' id='par_1_4' title="bbox 199 902 1001 987">
     <span class='ocr_line' id='line_1_5' title="bbox 199 902 1001 987; baseline -0.001 -18"><span class='ocrx_word' id='word_1_22' title='bbox 199 904 249 969; x_wconf 93' lang='lat' dir='ltr'>Ut</span> <span class='ocrx_word' id='word_1_23' title='bbox 263 902 385 978; x_wconf 85' lang='lat' dir='ltr'>melius,</span> <span class='ocrx_word' id='word_1_24' title='bbox 396 902 507 978; x_wconf 82' lang='lat' dir='ltr'>muria,</span> <span class='ocrx_word' id='word_1_25' title='bbox 522 922 615 987; x_wconf 82' lang='lat' dir='ltr'>quam</span> <span class='ocrx_word' id='word_1_26' title='bbox 631 914 711 966; x_wconf 79' lang='lat' dir='ltr'>testa</span> <span class='ocrx_word' id='word_1_27' title='bbox 727 903 846 968; x_wconf 83' lang='lat' dir='ltr'>marina</span> <span class='ocrx_word' id='word_1_28' title='bbox 860 903 1001 968; x_wconf 75' lang='lat' dir='ltr'>remittit</span> 
     </span>
    </p>

    <p class='ocr_par' dir='ltr' id='par_1_5' title="bbox 201 1002 847 1087">
     <span class='ocr_line' id='line_1_6' title="bbox 201 1002 847 1087; baseline -0.002 -17"><span class='ocrx_word' id='word_1_29' title='bbox 201 1006 329 1070; x_wconf 69' lang='lat' dir='ltr'>Interea</span> <span class='ocrx_word' id='word_1_30' title='bbox 342 1024 492 1087; x_wconf 82' lang='lat' dir='ltr'>suspensa</span> <span class='ocrx_word' id='word_1_31' title='bbox 506 1024 617 1086; x_wconf 82' lang='lat' dir='ltr'>graves</span> <span class='ocrx_word' id='word_1_32' title='bbox 630 1002 731 1066; x_wconf 70' lang='lat' dir='ltr'>aulaea</span> <span class='ocrx_word' id='word_1_33' title='bbox 741 1003 847 1069; x_wconf 82' lang='lat' dir='ltr'>minas</span> 
     </span>
    </p>

    <p class='ocr_par' dir='ltr' id='par_1_6' title="bbox 199 1103 1197 1293">
     <span class='ocr_line' id='line_1_7' title="bbox 200 1103 1197 1190; baseline 0.001 -20"><span class='ocrx_word' id='word_1_34' title='bbox 200 1106 242 1170; x_wconf 81' lang='lat' dir='ltr'>la</span> <span class='ocrx_word' id='word_1_35' title='bbox 255 1105 391 1190; x_wconf 84' lang='lat' dir='ltr'>patinam</span> <span class='ocrx_word' id='word_1_36' title='bbox 407 1103 518 1181; x_wconf 82' lang='lat' dir='ltr'>fecere,</span> <span class='ocrx_word' id='word_1_37' title='bbox 534 1103 688 1168; x_wconf 72' lang='lat' dir='ltr'><strong>trahentia</strong></span> <span class='ocrx_word' id='word_1_38' title='bbox 702 1105 839 1188; x_wconf 85' lang='lat' dir='ltr'>pulveris</span> <span class='ocrx_word' id='word_1_39' title='bbox 853 1107 913 1171; x_wconf 83' lang='lat' dir='ltr'>atri</span> <span class='ocrx_word' id='word_1_40' title='bbox 1149 1115 1197 1178; x_wconf 81' lang='grc'>55</span> 
     </span>
     <span class='ocr_line' id='line_1_8' title="bbox 199 1206 989 1293; baseline 0.003 -22"><span class='ocrx_word' id='word_1_41' title='bbox 199 1210 358 1289; x_wconf 80' lang='lat' dir='ltr'>Quantum</span> <span class='ocrx_word' id='word_1_42' title='bbox 372 1228 435 1270; x_wconf 94' lang='lat' dir='ltr'>non</span> <span class='ocrx_word' id='word_1_43' title='bbox 451 1206 569 1292; x_wconf 86' lang='lat' dir='ltr'>Aquilo</span> <span class='ocrx_word' id='word_1_44' title='bbox 583 1206 753 1291; x_wconf 88' lang='lat' dir='ltr'>Campanis</span> <span class='ocrx_word' id='word_1_45' title='bbox 768 1207 883 1272; x_wconf 85' lang='lat' dir='ltr'>excitat</span> <span class='ocrx_word' id='word_1_46' title='bbox 896 1208 989 1293; x_wconf 78' lang='lat' dir='ltr'>agris.</span> 
     </span>
    </p>

    <p class='ocr_par' dir='ltr' id='par_1_7' title="bbox 198 1309 974 1395">
     <span class='ocr_line' id='line_1_9' title="bbox 198 1309 974 1395; baseline -0.001 -19"><span class='ocrx_word' id='word_1_47' title='bbox 198 1313 266 1376; x_wconf 87' lang='lat' dir='ltr'>Nos</span> <span class='ocrx_word' id='word_1_48' title='bbox 280 1310 380 1395; x_wconf 85' lang='lat' dir='ltr'>majus</span> <span class='ocrx_word' id='word_1_49' title='bbox 395 1309 497 1388; x_wconf 90' lang='lat' dir='ltr'>veriti,</span> <span class='ocrx_word' id='word_1_50' title='bbox 512 1323 675 1394; x_wconf 84' lang='lat' dir='ltr'>postquam</span> <span class='ocrx_word' id='word_1_51' title='bbox 691 1309 772 1373; x_wconf 85' lang='lat' dir='ltr'>nihil</span> <span class='ocrx_word' id='word_1_52' title='bbox 787 1331 853 1374; x_wconf 88' lang='lat' dir='ltr'>esse</span> <span class='ocrx_word' id='word_1_53' title='bbox 866 1310 974 1395; x_wconf 84' lang='lat' dir='ltr'>pericli</span> 
     </span>
    </p>

    <p class='ocr_par' dir='ltr' id='par_1_8' title="bbox 199 1409 1039 1497">
     <span class='ocr_line' id='line_1_10' title="bbox 199 1409 1039 1497; baseline -0.001 -19"><span class='ocrx_word' id='word_1_54' title='bbox 199 1412 369 1489; x_wconf 80' lang='lat' dir='ltr'>Sensimus,</span> <span class='ocrx_word' id='word_1_55' title='bbox 385 1411 540 1497; x_wconf 82' lang='lat' dir='ltr'>erigimur.</span> <span class='ocrx_word' id='word_1_56' title='bbox 587 1409 703 1488; x_wconf 81' lang='lat' dir='ltr'>Rufus,</span> <span class='ocrx_word' id='word_1_57' title='bbox 719 1411 821 1495; x_wconf 90' lang='lat' dir='ltr'>posito</span> <span class='ocrx_word' id='word_1_58' title='bbox 835 1411 947 1496; x_wconf 83' lang='lat' dir='ltr'>capite,</span> <span class='ocrx_word' id='word_1_59' title='bbox 962 1425 999 1477; x_wconf 87' lang='lat' dir='ltr'>ut</span> <span class='ocrx_word' id='word_1_60' title='bbox 1012 1413 1039 1478; x_wconf 88' lang='lat' dir='ltr'>si</span> 
     </span>
    </p>

    <p class='ocr_par' dir='ltr' id='par_1_9' title="bbox 198 1516 961 1597">
     <span class='ocr_line' id='line_1_11' title="bbox 198 1516 961 1597; baseline 0 -13"><span class='ocrx_word' id='word_1_61' title='bbox 198 1519 300 1584; x_wconf 84' lang='lat' dir='ltr'>Filius</span> <span class='ocrx_word' id='word_1_62' title='bbox 315 1519 498 1584; x_wconf 88' lang='lat' dir='ltr'>immaturus</span> <span class='ocrx_word' id='word_1_63' title='bbox 513 1520 639 1597; x_wconf 90' lang='lat' dir='ltr'>obisset,</span> <span class='ocrx_word' id='word_1_64' title='bbox 654 1518 738 1584; x_wconf 88' lang='lat' dir='ltr'>flere.</span> <span class='ocrx_word' id='word_1_65' title='bbox 784 1516 866 1593; x_wconf 88' lang='lat' dir='ltr'>Quis</span> <span class='ocrx_word' id='word_1_66' title='bbox 881 1533 961 1584; x_wconf 85' lang='lat' dir='ltr'>essct</span> 
     </span>
    </p>

    <p class='ocr_par' dir='ltr' id='par_1_10' title="bbox 198 1620 1192 1809">
     <span class='ocr_line' id='line_1_12' title="bbox 198 1620 1192 1707; baseline 0.002 -20"><span class='ocrx_word' id='word_1_67' title='bbox 198 1621 300 1701; x_wconf 84' lang='lat' dir='ltr'>Finis,</span> <span class='ocrx_word' id='word_1_68' title='bbox 315 1621 347 1685; x_wconf 94' lang='lat' dir='ltr'>ni</span> <span class='ocrx_word' id='word_1_69' title='bbox 363 1622 485 1707; x_wconf 87' lang='lat' dir='ltr'>sapiens</span> <span class='ocrx_word' id='word_1_70' title='bbox 500 1622 544 1686; x_wconf 90' lang='lat' dir='ltr'>sic</span> <span class='ocrx_word' id='word_1_71' title='bbox 559 1624 775 1686; x_wconf 74' lang='lat' dir='ltr'><strong>Nomentanus</strong></span> <span class='ocrx_word' id='word_1_72' title='bbox 789 1620 921 1685; x_wconf 88' lang='lat' dir='ltr'>amicum</span> <span class='ocrx_word' id='word_1_73' title='bbox 1147 1621 1192 1689; x_wconf 90' lang='grc'>60</span> 
     </span>
     <span class='ocr_line' id='line_1_13' title="bbox 198 1722 1073 1809; baseline 0.001 -21"><span class='ocrx_word' id='word_1_74' title='bbox 198 1723 360 1797; x_wconf 84' lang='lat' dir='ltr'>Tolleret;</span> <span class='ocrx_word' id='word_1_75' title='bbox 385 1726 461 1788; x_wconf 87' lang='lat' dir='ltr'>Heu</span> <span class='ocrx_word' id='word_1_76' title='bbox 477 1726 638 1789; x_wconf 87' lang='lat' dir='ltr'>Fortuna!</span> <span class='ocrx_word' id='word_1_77' title='bbox 662 1723 732 1809; x_wconf 86' lang='lat' dir='ltr'>quis</span> <span class='ocrx_word' id='word_1_78' title='bbox 743 1735 790 1788; x_wconf 90' lang='lat' dir='ltr'>cst</span> <span class='ocrx_word' id='word_1_79' title='bbox 803 1722 956 1787; x_wconf 83' lang='lat' dir='ltr'>crudelior</span> <span class='ocrx_word' id='word_1_80' title='bbox 971 1724 1002 1787; x_wconf 92' lang='lat' dir='ltr'>in</span> <span class='ocrx_word' id='word_1_81' title='bbox 1019 1747 1073 1789; x_wconf 89' lang='lat' dir='ltr'>nos</span> 
     </span>
    </p>

    <p class='ocr_par' dir='ltr' id='par_1_11' title="bbox 197 1824 955 1911">
     <span class='ocr_line' id='line_1_14' title="bbox 197 1824 955 1911; baseline -0.003 -20"><span class='ocrx_word' id='word_1_82' title='bbox 197 1827 249 1891; x_wconf 88' lang='lat' dir='ltr'>Te</span> <span class='ocrx_word' id='word_1_83' title='bbox 264 1827 376 1891; x_wconf 89' lang='lat' dir='ltr'>Dcus?</span> <span class='ocrx_word' id='word_1_84' title='bbox 400 1839 437 1890; x_wconf 90' lang='lat' dir='ltr'>ut</span> <span class='ocrx_word' id='word_1_85' title='bbox 452 1848 572 1911; x_wconf 84' lang='lat' dir='ltr'>semper</span> <span class='ocrx_word' id='word_1_86' title='bbox 587 1825 705 1909; x_wconf 77' lang='lat' dir='ltr'>gaudes</span> <span class='ocrx_word' id='word_1_87' title='bbox 719 1824 849 1889; x_wconf 86' lang='lat' dir='ltr'>illudere</span> <span class='ocrx_word' id='word_1_88' title='bbox 863 1826 955 1889; x_wconf 88' lang='lat' dir='ltr'>rebus</span> 
     </span>
    </p>

    <p class='ocr_par' dir='ltr' id='par_1_12' title="bbox 197 1927 957 2011">
     <span class='ocr_line' id='line_1_15' title="bbox 197 1927 957 2011; baseline -0.003 -19"><span class='ocrx_word' id='word_1_89' title='bbox 197 1929 374 1993; x_wconf 77' lang='lat' dir='ltr'>Humanis!</span> <span class='ocrx_word' id='word_1_90' title='bbox 400 1929 511 1992; x_wconf 91' lang='lat' dir='ltr'>Varius</span> <span class='ocrx_word' id='word_1_91' title='bbox 525 1948 638 2011; x_wconf 91' lang='lat' dir='ltr'>mappa</span> <span class='ocrx_word' id='word_1_92' title='bbox 653 1947 847 2008; x_wconf 87' lang='lat' dir='ltr'>compescere</span> <span class='ocrx_word' id='word_1_93' title='bbox 860 1927 957 1990; x_wconf 89' lang='lat' dir='ltr'>risum</span> 
     </span>
    </p>

    <p class='ocr_par' dir='ltr' id='par_1_13' title="bbox 196 2025 999 2113">
     <span class='ocr_line' id='line_1_16' title="bbox 196 2025 999 2113; baseline 0.001 -20"><span class='ocrx_word' id='word_1_94' title='bbox 196 2028 258 2093; x_wconf 86' lang='lat' dir='ltr'>Vix</span> <span class='ocrx_word' id='word_1_95' title='bbox 272 2040 401 2113; x_wconf 89' lang='lat' dir='ltr'>poterat.</span> <span class='ocrx_word' id='word_1_96' title='bbox 447 2026 574 2091; x_wconf 77' lang='lat' dir='ltr'>Balatro</span> <span class='ocrx_word' id='word_1_97' title='bbox 589 2025 780 2110; x_wconf 87' lang='lat' dir='ltr'>suspendens</span> <span class='ocrx_word' id='word_1_98' title='bbox 795 2028 899 2091; x_wconf 86' lang='lat' dir='ltr'>omnia</span> <span class='ocrx_word' id='word_1_99' title='bbox 913 2050 999 2107; x_wconf 89' lang='lat' dir='ltr'>naso,</span> 
     </span>
    </p>

    <p class='ocr_par' dir='ltr' id='par_1_14' title="bbox 196 2127 891 2215">
     <span class='ocr_line' id='line_1_17' title="bbox 196 2127 891 2215; baseline 0 -21"><span class='ocrx_word' id='word_1_100' title='bbox 196 2130 279 2195; x_wconf 84' lang='lat' dir='ltr'>Hoec</span> <span class='ocrx_word' id='word_1_101' title='bbox 292 2142 339 2194; x_wconf 92' lang='lat' dir='ltr'>est</span> <span class='ocrx_word' id='word_1_102' title='bbox 354 2129 490 2195; x_wconf 90' lang='lat' dir='ltr'>conditio</span> <span class='ocrx_word' id='word_1_103' title='bbox 504 2128 641 2206; x_wconf 88' lang='lat' dir='ltr'>vivendi,</span> <span class='ocrx_word' id='word_1_104' title='bbox 651 2127 772 2208; x_wconf 84' lang='lat' dir='ltr'>aiebat3</span> <span class='ocrx_word' id='word_1_105' title='bbox 795 2151 891 2215; x_wconf 88' lang='lat' dir='ltr'>eoque</span> 
     </span>
    </p>

    <p class='ocr_par' dir='ltr' id='par_1_15' title="bbox 196 2231 981 2320">
     <span class='ocr_line' id='line_1_18' title="bbox 196 2231 981 2320; baseline -0.003 -22"><span class='ocrx_word' id='word_1_106' title='bbox 196 2234 397 2320; x_wconf 80' lang='lat' dir='ltr'>Responsura</span> <span class='ocrx_word' id='word_1_107' title='bbox 411 2246 465 2298; x_wconf 93' lang='lat' dir='ltr'>tuo</span> <span class='ocrx_word' id='word_1_108' title='bbox 481 2254 638 2318; x_wconf 84' lang='lat' dir='ltr'>nunquam</span> <span class='ocrx_word' id='word_1_109' title='bbox 650 2245 697 2297; x_wconf 84' lang='lat' dir='ltr'>est</span> <span class='ocrx_word' id='word_1_110' title='bbox 708 2254 764 2316; x_wconf 88' lang='lat' dir='ltr'>par</span> <span class='ocrx_word' id='word_1_111' title='bbox 778 2231 861 2297; x_wconf 81' lang='lat' dir='ltr'>fama</span> <span class='ocrx_word' id='word_1_112' title='bbox 874 2233 981 2299; x_wconf 89' lang='lat' dir='ltr'>labori.</span> 
     </span>
    </p>

    <p class='ocr_par' dir='ltr' id='par_1_16' title="bbox 197 2335 964 2422">
     <span class='ocr_line' id='line_1_19' title="bbox 197 2335 964 2422; baseline 0 -24"><span class='ocrx_word' id='word_1_113' title='bbox 197 2336 300 2409; x_wconf 82' lang='lat' dir='ltr'>Tene,</span> <span class='ocrx_word' id='word_1_114' title='bbox 315 2349 352 2401; x_wconf 94' lang='lat' dir='ltr'>ut</span> <span class='ocrx_word' id='word_1_115' title='bbox 366 2358 424 2420; x_wconf 80' lang='lat' dir='ltr'>ego</span> <span class='ocrx_word' id='word_1_116' title='bbox 439 2335 571 2420; x_wconf 91' lang='lat' dir='ltr'>accipiar</span> <span class='ocrx_word' id='word_1_117' title='bbox 586 2335 682 2414; x_wconf 88' lang='lat' dir='ltr'>laute,</span> <span class='ocrx_word' id='word_1_118' title='bbox 698 2336 866 2422; x_wconf 84' lang='lat' dir='ltr'>torquerier</span> <span class='ocrx_word' id='word_1_119' title='bbox 880 2336 964 2400; x_wconf 91' lang='lat' dir='ltr'>omni</span> 
     </span>
    </p>

    <p class='ocr_par' dir='ltr' id='par_1_17' title="bbox 196 2437 937 2521">
     <span class='ocr_line' id='line_1_20' title="bbox 196 2437 937 2521; baseline 0.001 -19"><span class='ocrx_word' id='word_1_120' title='bbox 196 2437 400 2502; x_wconf 90' lang='lat' dir='ltr'>Sclicitudine</span> <span class='ocrx_word' id='word_1_121' title='bbox 415 2438 588 2503; x_wconf 86' lang='lat' dir='ltr'>districtum</span> <span class='ocrx_word' id='word_1_122' title='bbox 602 2441 615 2500; x_wconf 79' lang='lat' dir='ltr'>i</span> <span class='ocrx_word' id='word_1_123' title='bbox 638 2460 677 2502; x_wconf 94' lang='lat' dir='ltr'>ne</span> <span class='ocrx_word' id='word_1_124' title='bbox 691 2438 781 2521; x_wconf 88' lang='lat' dir='ltr'>panis</span> <span class='ocrx_word' id='word_1_125' title='bbox 795 2439 937 2515; x_wconf 88' lang='lat' dir='ltr'>adustus,</span> 
     </span>
    </p>

    <p class='ocr_par' dir='ltr' id='par_1_18' title="bbox 195 2539 975 2626">
     <span class='ocr_line' id='line_1_21' title="bbox 195 2539 975 2626; baseline 0.004 -23"><span class='ocrx_word' id='word_1_126' title='bbox 195 2540 246 2604; x_wconf 93' lang='lat' dir='ltr'>Ne</span> <span class='ocrx_word' id='word_1_127' title='bbox 260 2540 340 2604; x_wconf 87' lang='lat' dir='ltr'>male</span> <span class='ocrx_word' id='word_1_128' title='bbox 355 2539 514 2604; x_wconf 92' lang='lat' dir='ltr'>conditum</span> <span class='ocrx_word' id='word_1_129' title='bbox 524 2541 578 2625; x_wconf 88' lang='lat' dir='ltr'>jus</span> <span class='ocrx_word' id='word_1_130' title='bbox 592 2545 789 2626; x_wconf 89' lang='lat' dir='ltr'>apponatur?</span> <span class='ocrx_word' id='word_1_131' title='bbox 811 2555 847 2606; x_wconf 90' lang='lat' dir='ltr'>ut</span> <span class='ocrx_word' id='word_1_132' title='bbox 869 2563 975 2606; x_wconf 91' lang='lat' dir='ltr'>omnes</span> 
     </span>
    </p>

    <p class='ocr_par' dir='ltr' id='par_1_19' title="bbox 192 2639 1190 2823">
     <span class='ocr_line' id='line_1_22' title="bbox 194 2639 1190 2724; baseline -0.002 -19"><span class='ocrx_word' id='word_1_133' title='bbox 194 2639 360 2705; x_wconf 80' lang='lat' dir='ltr'>Praecincti</span> <span class='ocrx_word' id='word_1_134' title='bbox 374 2651 457 2703; x_wconf 83' lang='lat' dir='ltr'>recte</span> <span class='ocrx_word' id='word_1_135' title='bbox 471 2641 559 2724; x_wconf 91' lang='lat' dir='ltr'>pueri</span> <span class='ocrx_word' id='word_1_136' title='bbox 575 2642 751 2724; x_wconf 83' lang='lat' dir='ltr'>comptique</span> <span class='ocrx_word' id='word_1_137' title='bbox 766 2642 965 2706; x_wconf 85' lang='lat' dir='ltr'>ministrent?</span> <span class='ocrx_word' id='word_1_138' title='bbox 1145 2639 1190 2722; x_wconf 77' lang='lat'>7⁰</span> 
     </span>
     <span class='ocr_line' id='line_1_23' title="bbox 192 2738 928 2823; baseline 0 -19"><span class='ocrx_word' id='word_1_139' title='bbox 192 2740 289 2805; x_wconf 85' lang='lat' dir='ltr'>Adde</span> <span class='ocrx_word' id='word_1_140' title='bbox 303 2738 360 2801; x_wconf 87' lang='lat' dir='ltr'>bos</span> <span class='ocrx_word' id='word_1_141' title='bbox 374 2752 525 2823; x_wconf 73' lang='lat' dir='ltr'>praeterea</span> <span class='ocrx_word' id='word_1_142' title='bbox 539 2762 646 2812; x_wconf 66' lang='lat' dir='ltr'>casum</span> <span class='ocrx_word' id='word_1_143' title='bbox 671 2741 771 2804; x_wconf 86' lang='lat' dir='ltr'>aulaea</span> <span class='ocrx_word' id='word_1_144' title='bbox 785 2754 877 2805; x_wconf 90' lang='lat' dir='ltr'>ruant</span> <span class='ocrx_word' id='word_1_145' title='bbox 891 2743 928 2818; x_wconf 90' lang='lat' dir='ltr'>si,</span> 
     </span>
    </p>

    <p class='ocr_par' dir='ltr' id='par_1_20' title="bbox 193 2839 1033 2924">
     <span class='ocr_line' id='line_1_24' title="bbox 193 2839 1033 2924; baseline -0.004 -19"><span class='ocrx_word' id='word_1_146' title='bbox 193 2841 242 2905; x_wconf 90' lang='lat' dir='ltr'>Ut</span> <span class='ocrx_word' id='word_1_147' title='bbox 255 2839 364 2909; x_wconf 74' lang='lat' dir='ltr'>modot</span> <span class='ocrx_word' id='word_1_148' title='bbox 387 2839 414 2902; x_wconf 85' lang='lat' dir='ltr'>si</span> <span class='ocrx_word' id='word_1_149' title='bbox 428 2839 566 2922; x_wconf 86' lang='lat' dir='ltr'>patinam</span> <span class='ocrx_word' id='word_1_150' title='bbox 581 2841 661 2922; x_wconf 90' lang='lat' dir='ltr'>pede</span> <span class='ocrx_word' id='word_1_151' title='bbox 676 2841 780 2922; x_wconf 86' lang='lat' dir='ltr'>lapsus</span> <span class='ocrx_word' id='word_1_152' title='bbox 794 2840 918 2924; x_wconf 82' lang='lat' dir='ltr'>frangat</span> <span class='ocrx_word' id='word_1_153' title='bbox 932 2862 1033 2922; x_wconf 84' lang='lat' dir='ltr'>agaso.</span> 
     </span>
    </p>

    <p class='ocr_par' dir='ltr' id='par_1_21' title="bbox 193 2938 905 3023">
     <span class='ocr_line' id='line_1_25' title="bbox 193 2938 905 3023; baseline -0.004 -16"><span class='ocrx_word' id='word_1_154' title='bbox 193 2940 257 3007; x_wconf 87' lang='lat' dir='ltr'>Sed</span> <span class='ocrx_word' id='word_1_155' title='bbox 270 2939 490 3015; x_wconf 85' lang='lat' dir='ltr'>convivatoris,</span> <span class='ocrx_word' id='word_1_156' title='bbox 505 2939 553 3003; x_wconf 90' lang='lat' dir='ltr'>uti</span> <span class='ocrx_word' id='word_1_157' title='bbox 567 2938 667 3017; x_wconf 90' lang='lat' dir='ltr'>ducis,</span> <span class='ocrx_word' id='word_1_158' title='bbox 682 2938 841 3023; x_wconf 82' lang='lat' dir='ltr'>ingenium</span> <span class='ocrx_word' id='word_1_159' title='bbox 856 2962 905 3004; x_wconf 89' lang='lat' dir='ltr'>res</span> 
     </span>
    </p>

    <p class='ocr_par' dir='ltr' id='par_1_22' title="bbox 193 3041 888 3121">
     <span class='ocr_line' id='line_1_26' title="bbox 193 3041 888 3121; baseline -0.003 -14"><span class='ocrx_word' id='word_1_160' title='bbox 193 3043 347 3107; x_wconf 82' lang='lat' dir='ltr'>Adversas</span> <span class='ocrx_word' id='word_1_161' title='bbox 361 3041 480 3108; x_wconf 86' lang='lat' dir='ltr'>nudare</span> <span class='ocrx_word' id='word_1_162' title='bbox 494 3041 605 3121; x_wconf 87' lang='lat' dir='ltr'>solent,</span> <span class='ocrx_word' id='word_1_163' title='bbox 621 3041 720 3106; x_wconf 88' lang='lat' dir='ltr'>celarc</span> <span class='ocrx_word' id='word_1_164' title='bbox 734 3041 888 3105; x_wconf 86' lang='lat' dir='ltr'>secundae.</span> 
     </span>
    </p>

    <p class='ocr_par' dir='ltr' id='par_1_23' title="bbox 191 3143 1184 3334">
     <span class='ocr_line' id='line_1_27' title="bbox 191 3143 1184 3232; baseline 0.003 -24"><span class='ocrx_word' id='word_1_165' title='bbox 191 3144 382 3210; x_wconf 86' lang='lat' dir='ltr'>Nasidienus</span> <span class='ocrx_word' id='word_1_166' title='bbox 397 3145 437 3210; x_wconf 85' lang='lat' dir='ltr'>ad</span> <span class='ocrx_word' id='word_1_167' title='bbox 450 3144 538 3223; x_wconf 85' lang='lat' dir='ltr'>baec3</span> <span class='ocrx_word' id='word_1_168' title='bbox 560 3143 638 3209; x_wconf 90' lang='lat' dir='ltr'>Tibi</span> <span class='ocrx_word' id='word_1_169' title='bbox 653 3143 722 3221; x_wconf 92' lang='lat' dir='ltr'>Dii,</span> <span class='ocrx_word' id='word_1_170' title='bbox 737 3162 930 3232; x_wconf 81' lang='lat' dir='ltr'>quoecunque</span> <span class='ocrx_word' id='word_1_171' title='bbox 945 3144 1088 3230; x_wconf 88' lang='lat' dir='ltr'>preceris,</span> <span class='ocrx_word' id='word_1_172' title='bbox 1137 3145 1184 3227; x_wconf 86' lang='lat'>75</span> 
     </span>
     <span class='ocr_line' id='line_1_28' title="bbox 193 3235 1097 3334; baseline -0.004 -20"><span class='ocrx_word' id='word_1_173' title='bbox 193 3249 365 3314; x_wconf 90' lang='lat' dir='ltr'>Commoda</span> <span class='ocrx_word' id='word_1_174' title='bbox 379 3248 473 3322; x_wconf 82' lang='lat' dir='ltr'>dent3</span> <span class='ocrx_word' id='word_1_175' title='bbox 488 3248 532 3312; x_wconf 89' lang='lat' dir='ltr'>ita</span> <span class='ocrx_word' id='word_1_176' title='bbox 546 3247 594 3312; x_wconf 91' lang='lat' dir='ltr'>vir</span> <span class='ocrx_word' id='word_1_177' title='bbox 608 3249 706 3311; x_wconf 87' lang='lat' dir='ltr'>bonus</span> <span class='ocrx_word' id='word_1_178' title='bbox 720 3269 764 3324; x_wconf 88' lang='lat' dir='ltr'>es,</span> <span class='ocrx_word' id='word_1_179' title='bbox 779 3235 970 3334; x_wconf 72' lang='lat' dir='ltr'>convivaque</span> <span class='ocrx_word' id='word_1_180' title='bbox 985 3247 1097 3311; x_wconf 89' lang='lat' dir='ltr'>comis:</span> 
     </span>
    </p>

    <p class='ocr_par' dir='ltr' id='par_1_24' title="bbox 192 3349 988 3435">
     <span class='ocr_line' id='line_1_29' title="bbox 192 3349 988 3435; baseline 0.001 -20"><span class='ocrx_word' id='word_1_181' title='bbox 192 3351 239 3415; x_wconf 84' lang='lat' dir='ltr'>Et</span> <span class='ocrx_word' id='word_1_182' title='bbox 253 3350 354 3416; x_wconf 85' lang='lat' dir='ltr'>soleas</span> <span class='ocrx_word' id='word_1_183' title='bbox 367 3349 486 3435; x_wconf 87' lang='lat' dir='ltr'>poscit:</span> <span class='ocrx_word' id='word_1_184' title='bbox 510 3362 575 3416; x_wconf 90' lang='lat' dir='ltr'>turn</span> <span class='ocrx_word' id='word_1_185' title='bbox 591 3349 625 3412; x_wconf 93' lang='lat' dir='ltr'>in</span> <span class='ocrx_word' id='word_1_186' title='bbox 640 3349 720 3413; x_wconf 89' lang='lat' dir='ltr'>lecto</span> <span class='ocrx_word' id='word_1_187' title='bbox 730 3370 852 3435; x_wconf 86' lang='lat' dir='ltr'>quoque</span> <span class='ocrx_word' id='word_1_188' title='bbox 867 3350 988 3416; x_wconf 87' lang='lat' dir='ltr'>videres</span> 
     </span>
    </p>

    <p class='ocr_par' dir='ltr' id='par_1_25' title="bbox 193 3450 841 3518">
     <span class='ocr_line' id='line_1_30' title="bbox 193 3450 841 3518; baseline -0.002 -2"><span class='ocrx_word' id='word_1_189' title='bbox 193 3451 330 3517; x_wconf 90' lang='lat' dir='ltr'>Stridere</span> <span class='ocrx_word' id='word_1_190' title='bbox 344 3466 461 3517; x_wconf 84' lang='lat' dir='ltr'>secreta</span> <span class='ocrx_word' id='word_1_191' title='bbox 474 3450 589 3518; x_wconf 87' lang='lat' dir='ltr'>divisos</span> <span class='ocrx_word' id='word_1_192' title='bbox 605 3473 679 3517; x_wconf 91' lang='lat' dir='ltr'>aure</span> <span class='ocrx_word' id='word_1_193' title='bbox 693 3474 841 3517; x_wconf 88' lang='lat' dir='ltr'>susurros.</span> 
     </span>
    </p>

    <p class='ocr_par' dir='ltr' id='par_1_26' title="bbox 192 3552 992 3640">
     <span class='ocr_line' id='line_1_31' title="bbox 192 3552 992 3640; baseline 0.001 -21"><span class='ocrx_word' id='word_1_194' title='bbox 192 3553 221 3626; x_wconf 73' lang='lat' dir='ltr'>il</span> <span class='ocrx_word' id='word_1_195' title='bbox 238 3553 351 3619; x_wconf 90' lang='lat' dir='ltr'>Nullos</span> <span class='ocrx_word' id='word_1_196' title='bbox 365 3552 416 3618; x_wconf 89' lang='lat' dir='ltr'>his</span> <span class='ocrx_word' id='word_1_197' title='bbox 430 3553 552 3619; x_wconf 87' lang='lat' dir='ltr'>mallem</span> <span class='ocrx_word' id='word_1_198' title='bbox 569 3553 659 3618; x_wconf 88' lang='lat' dir='ltr'>ludos</span> <span class='ocrx_word' id='word_1_199' title='bbox 673 3552 844 3640; x_wconf 76' lang='lat' dir='ltr'>spectdsse:</span> <span class='ocrx_word' id='word_1_200' title='bbox 869 3555 924 3620; x_wconf 92' lang='lat' dir='ltr'>scd</span> <span class='ocrx_word' id='word_1_201' title='bbox 939 3554 992 3620; x_wconf 86' lang='lat' dir='ltr'>illa</span> 
     </span>
    </p>

    <p class='ocr_par' dir='ltr' id='par_1_27' title="bbox 191 3654 1184 3846">
     <span class='ocr_line' id='line_1_32' title="bbox 191 3654 1184 3742; baseline -0.002 -22"><span class='ocrx_word' id='word_1_202' title='bbox 191 3654 315 3734; x_wconf 78' lang='lat' dir='ltr'>Redde,</span> <span class='ocrx_word' id='word_1_203' title='bbox 330 3677 400 3740; x_wconf 82' lang='lat' dir='ltr'>age,</span> <span class='ocrx_word' id='word_1_204' title='bbox 415 3678 486 3742; x_wconf 85' lang='lat' dir='ltr'>quae</span> <span class='ocrx_word' id='word_1_205' title='bbox 500 3654 647 3742; x_wconf 90' lang='lat' dir='ltr'>deinceps</span> <span class='ocrx_word' id='word_1_206' title='bbox 661 3657 764 3723; x_wconf 86' lang='lat' dir='ltr'>risisti.</span> <span class='ocrx_word' id='word_1_207' title='bbox 810 3659 838 3730; x_wconf 68' lang='lat' dir='ltr'>il</span> <span class='ocrx_word' id='word_1_208' title='bbox 857 3658 1001 3722; x_wconf 91' lang='lat' dir='ltr'>Vibidius</span> <span class='ocrx_word' id='word_1_209' title='bbox 1018 3657 1090 3720; x_wconf 89' lang='lat' dir='ltr'>dnm</span> <span class='ocrx_word' id='word_1_210' title='bbox 1141 3658 1184 3719; x_wconf 83' lang='lat'>80</span> 
     </span>
     <span class='ocr_line' id='line_1_33' title="bbox 192 3755 1023 3846; baseline 0.002 -26"><span class='ocrx_word' id='word_1_211' title='bbox 192 3755 313 3835; x_wconf 76' lang='lat' dir='ltr'>Quoent</span> <span class='ocrx_word' id='word_1_212' title='bbox 327 3756 367 3821; x_wconf 91' lang='lat' dir='ltr'>de</span> <span class='ocrx_word' id='word_1_213' title='bbox 382 3757 497 3840; x_wconf 92' lang='lat' dir='ltr'>pueris,</span> <span class='ocrx_word' id='word_1_214' title='bbox 513 3780 587 3822; x_wconf 92' lang='lat' dir='ltr'>num</span> <span class='ocrx_word' id='word_1_215' title='bbox 603 3760 643 3823; x_wconf 88' lang='lat' dir='ltr'>sit</span> <span class='ocrx_word' id='word_1_216' title='bbox 654 3782 776 3846; x_wconf 90' lang='lat' dir='ltr'>quoque</span> <span class='ocrx_word' id='word_1_217' title='bbox 790 3761 887 3825; x_wconf 86' lang='lat' dir='ltr'>fracta</span> <span class='ocrx_word' id='word_1_218' title='bbox 902 3761 1023 3843; x_wconf 85' lang='lat' dir='ltr'>lagena,</span> 
     </span>
    </p>

    <p class='ocr_par' dir='ltr' id='par_1_28' title="bbox 191 3856 1021 3944">
     <span class='ocr_line' id='line_1_34' title="bbox 191 3856 1021 3944; baseline 0.002 -24"><span class='ocrx_word' id='word_1_219' title='bbox 191 3857 284 3936; x_wconf 82' lang='lat' dir='ltr'>Quod</span> <span class='ocrx_word' id='word_1_220' title='bbox 299 3856 357 3921; x_wconf 90' lang='lat' dir='ltr'>sibi</span> <span class='ocrx_word' id='word_1_221' title='bbox 371 3859 509 3943; x_wconf 88' lang='lat' dir='ltr'>poscenti</span> <span class='ocrx_word' id='word_1_222' title='bbox 526 3881 588 3923; x_wconf 92' lang='lat' dir='ltr'>non</span> <span class='ocrx_word' id='word_1_223' title='bbox 603 3861 716 3925; x_wconf 89' lang='lat' dir='ltr'>dentur</span> <span class='ocrx_word' id='word_1_224' title='bbox 730 3862 860 3944; x_wconf 86' lang='lat' dir='ltr'>pocula;</span> <span class='ocrx_word' id='word_1_225' title='bbox 886 3861 1021 3943; x_wconf 84' lang='lat' dir='ltr'>dumque</span> 
     </span>
    </p>

    <p class='ocr_par' dir='ltr' id='par_1_29' title="bbox 192 3957 899 4040">
     <span class='ocr_line' id='line_1_35' title="bbox 192 3957 899 4040; baseline 0 -17"><span class='ocrx_word' id='word_1_226' title='bbox 192 3957 328 4024; x_wconf 90' lang='lat' dir='ltr'>Ridetur</span> <span class='ocrx_word' id='word_1_227' title='bbox 342 3958 423 4024; x_wconf 87' lang='lat' dir='ltr'>fictis</span> <span class='ocrx_word' id='word_1_228' title='bbox 436 3983 551 4040; x_wconf 91' lang='lat' dir='ltr'>rerum,</span> <span class='ocrx_word' id='word_1_229' title='bbox 568 3961 733 4026; x_wconf 87' lang='lat' dir='ltr'>Balatrone</span> <span class='ocrx_word' id='word_1_230' title='bbox 748 3961 899 4033; x_wconf 72' lang='lat' dir='ltr'>secundo,</span> 
     </span>
    </p>

    <p class='ocr_par' dir='ltr' id='par_1_30' title="bbox 191 4060 882 4141">
     <span class='ocr_line' id='line_1_36' title="bbox 191 4060 882 4141; baseline 0.001 -17"><span class='ocrx_word' id='word_1_231' title='bbox 191 4060 373 4140; x_wconf 88' lang='lat' dir='ltr'>Nasidiene,</span> <span class='ocrx_word' id='word_1_232' title='bbox 388 4062 470 4128; x_wconf 86' lang='lat' dir='ltr'>redis</span> <span class='ocrx_word' id='word_1_233' title='bbox 485 4075 614 4129; x_wconf 83' lang='lat' dir='ltr'>mutatae</span> <span class='ocrx_word' id='word_1_234' title='bbox 628 4062 750 4141; x_wconf 86' lang='lat' dir='ltr'>frontis,</span> <span class='ocrx_word' id='word_1_235' title='bbox 766 4074 801 4125; x_wconf 91' lang='lat' dir='ltr'>ut</span> <span class='ocrx_word' id='word_1_236' title='bbox 816 4075 882 4126; x_wconf 87' lang='lat' dir='ltr'>arte</span> 
     </span>
    </p>

    <p class='ocr_par' dir='ltr' id='par_1_31' title="bbox 191 4163 860 4232">
     <span class='ocr_line' id='line_1_37' title="bbox 191 4163 860 4232; baseline 0 -5"><span class='ocrx_word' id='word_1_237' title='bbox 191 4163 425 4232; x_wconf 85' lang='lat' dir='ltr'>Emendaturus</span> <span class='ocrx_word' id='word_1_238' title='bbox 434 4165 589 4232; x_wconf 83' lang='lat' dir='ltr'>fortunam</span> <span class='ocrx_word' id='word_1_239' title='bbox 603 4190 611 4229; x_wconf 73' lang='grc' dir='ltr'><strong><em>ε</em></strong></span> <span class='ocrx_word' id='word_1_240' title='bbox 635 4163 748 4231; x_wconf 91' lang='lat' dir='ltr'>deinde</span> <span class='ocrx_word' id='word_1_241' title='bbox 764 4163 860 4229; x_wconf 89' lang='lat' dir='ltr'>secuti</span> 
     </span>
    </p>
   </div>
   <div class='ocr_carea' id='block_1_3' title="bbox 0 0 1440 5010">
    <p class='ocr_par' dir='ltr' id='par_1_32' title="bbox 0 0 1440 5010">
     <span class='ocr_line' id='line_1_38' title="bbox 0 0 1440 5010; baseline 0 3"><span class='ocrx_word' id='word_1_242' title='bbox 0 0 1440 5010; x_wconf 95' lang='lat' dir='ltr'> </span> 
     </span>
    </p>
   </div>
  </div>
 </body>
</html>
