2872 5010
462 473 702 516 errsronrauu
728 474 793 516 rna.
821 476 844 516 r.
864 459 918 518 18.
1127 456 1190 522 195

195 627 313 691 Proelia
328 627 478 692 sustineas
493 630 691 715 campestria:
715 629 848 713 denique
862 652 976 695 saevam

196 728 346 792 Militiam
363 751 440 815 puer
454 743 485 794 et
501 731 689 795 Cantabrica
704 731 785 795 bella
800 731 911 808 tulisti,
1149 737 1192 796 55

197 832 263 894 Sub
279 832 357 895 duce
372 832 424 917 qui
441 833 564 917 templis
579 833 765 897 Parthorum
781 832 871 916 signa
884 832 988 917 religit

195 934 300 1010 Nunc,
317 946 348 996 et
359 934 462 1019 siquid
477 936 575 1013 abest,
593 934 684 998 Italis
700 934 859 1017 adjudicat
874 935 977 998 umis.

195 1034 253 1111 Ac,
268 1056 308 1098 ne
323 1048 353 1098 te
367 1035 506 1100 retrahas
521 1049 552 1100 et
566 1036 785 1101 inexcusabilis
798 1037 910 1112 obstes,

196 1134 346 1212 Quamvis
361 1136 405 1199 nil
418 1150 508 1201 extra
522 1158 686 1201 numerum
699 1137 809 1201 fecisse
823 1140 1012 1224 modumque

197 1236 308 1313 Curae,
324 1237 479 1302 interdum
494 1239 621 1322 nugaris
636 1261 708 1302 rure
718 1253 868 1324 paterno:
1150 1237 1195 1304 00

197 1338 336 1401 Partitur
347 1338 455 1403 lintres
469 1340 641 1409 exercitust
666 1340 757 1405 Actia
772 1363 878 1426 pugna

198 1443 248 1504 Te
263 1442 341 1505 duce
357 1464 413 1526 per
426 1463 538 1526 pueros
551 1441 659 1504 hostili
675 1462 757 1504 more
772 1442 922 1516 refertum

198 1539 405 1606 Adversarius
421 1556 468 1606 est
481 1543 598 1616 haten
622 1542 719 1619 lacus,
735 1543 857 1616 Adria;
882 1545 980 1608 donee

198 1642 394 1707 Alterutrum
410 1643 502 1707 velox
519 1642 649 1707 victoria
663 1642 772 1708 froude
787 1660 922 1709 coronet.

198 1745 382 1808 Consentire
397 1745 461 1808 suis
475 1745 587 1809 studiis
602 1743 655 1829 qui
671 1745 835 1810 crediderit
850 1761 892 1822 te,
1153 1747 1195 1812 65

199 1846 318 1908 Fautor
332 1859 462 1932 utroque
478 1861 565 1911 tuum
583 1846 724 1910 laudabit
739 1847 850 1930 pollice
864 1849 984 1917 ludum.

199 1947 347 2011 Protinus
362 1961 397 2012 ut
412 1970 551 2013 moneam
569 1946 687 2034 (siquid
703 1949 862 2014 monitoris
876 1972 949 2036 eges
965 1957 1015 2032 tu)

199 2049 295 2128 Quid,
311 2052 350 2115 de
365 2073 501 2137 quo-que
517 2051 594 2129 viro,
610 2063 642 2115 et
656 2051 708 2116 cui
722 2052 819 2131 dicas,
835 2076 918 2140 saepe
933 2055 1047 2119 videto.

200 2154 449 2218 Percontatorem
465 2154 582 2238 fugito:
606 2176 678 2219 nam
693 2156 836 2238 garrulus
850 2157 932 2220 idem
947 2170 1015 2230 est;
1103 2236 1105 2240 ι

200 2256 267 2318 Nec
280 2256 415 2319 retinent
428 2256 544 2340 patulae
559 2256 721 2319 commissa
735 2256 869 2320 fideliter
883 2280 993 2331 aures;
1153 2253 1197 2337 70

199 2357 245 2420 Et
259 2357 352 2420 semel
367 2357 512 2420 emissum
529 2356 613 2421 volat
628 2357 834 2422 inrevocabile
849 2360 988 2423 verbum.

200 2461 274 2523 Non
289 2458 401 2523 ancilla
416 2473 503 2522 tuum
514 2458 605 2545 jecur
619 2457 735 2524 ulceret
749 2461 826 2538 ulla,
840 2483 968 2546 puerve,

202 2563 291 2627 Intra
304 2581 507 2625 marmoreum
522 2563 690 2628 venerandi
702 2562 796 2626 limen
812 2563 920 2628 amici:

201 2665 252 2727 Ne
267 2663 410 2727 dominus
425 2662 513 2747 pueri
528 2663 652 2748 pulchri
666 2685 786 2728 caraeve
800 2665 913 2748 puellae

202 2767 337 2829 Munere
353 2779 384 2829 te
398 2786 495 2849 parvo
510 2765 591 2844 beet,
607 2778 662 2830 aut
675 2765 888 2832 incommodus
902 2783 1007 2855 angat.
1153 2769 1197 2852 75

201 2868 331 2946 Qualem
348 2868 553 2946 commendes,
566 2868 657 2932 etiam
674 2883 766 2954 atque
781 2869 873 2934 etiam
889 2871 1010 2956 aspice;
1035 2893 1076 2936 ne
1090 2894 1162 2935 mox

203 2971 363 3035 Incutiant
377 2970 477 3035 aliena
493 2970 550 3034 tibi
566 2986 693 3055 peccata
703 2973 863 3055 pudorem.

202 3074 362 3149 Fallimur,
378 3085 409 3136 et
423 3072 577 3157 quondam
594 3094 654 3135 uon
671 3074 800 3158 dignum
817 3075 986 3139 tradimus:
1012 3097 1085 3159 ergo

202 3178 302 3255 Quem
317 3197 373 3239 sua
387 3175 479 3258 culpa
492 3189 621 3257 premet,
637 3176 784 3260 deceptus
799 3177 907 3240 omitte
922 3176 1001 3241 tueri
1014 3202 1023 3250 ;

203 3280 262 3356 Ut,
278 3277 404 3362 penitus
418 3289 526 3339 notum
542 3277 567 3339 si
583 3288 702 3340 tentent
717 3278 858 3355 crimina,
875 3300 988 3356 serves,
1155 3280 1198 3341 80

203 3377 393 3461 Tuterisque
408 3387 462 3438 tuo
476 3375 620 3440 fidentem
636 3377 796 3460 praesidio:
819 3378 872 3462 qui

202 3482 308 3543 Dente
323 3477 490 3541 Theonino
505 3499 574 3540 cum
591 3478 839 3556 circumroditur‚
855 3479 966 3563 ecquid

203 3584 254 3648 Ad
270 3597 301 3647 te
314 3594 385 3665 post
396 3581 487 3665 paulo
502 3594 632 3644 ventura
646 3581 783 3664 pericula
798 3579 917 3643 sentis?

204 3687 287 3751 Nam
303 3699 357 3748 tua
366 3705 415 3747 res
430 3684 543 3768 agitur,
560 3682 659 3766 paries
672 3703 742 3745 cum
758 3681 916 3764 proximus
931 3681 1037 3754 ardet;

205 3785 250 3852 Et
263 3787 404 3872 neglecta
418 3786 518 3851 solent
532 3784 676 3848 incendia
691 3805 811 3847 sumere
827 3782 918 3847 vires.
1154 3784 1196 3847 85

204 3888 316 3954 Dulcis
331 3888 498 3973 inexpertis
514 3887 636 3952 cultura
646 3886 781 3970 potentis
796 3885 897 3965 amici,

204 3992 364 4076 Expertus
378 3991 500 4054 metuit.
546 3992 612 4067 Tu,
629 3991 701 4053 dum
719 4003 773 4053 tua
786 3989 875 4053 navis
891 3989 921 4053 in
937 3990 1001 4053 alto
1012 4002 1069 4062 est,

205 4096 279 4158 Hoc
294 4115 362 4176 age,
377 4114 416 4156 ne
431 4105 549 4156 mutata
563 4103 726 4156 retrorsum
743 4106 774 4156 te
789 4092 867 4155 ferat
881 4112 965 4154 aura.

206 4195 351 4259 Oderunt
363 4194 494 4260 hilarem
510 4195 623 4271 tristes,
636 4195 815 4277 tristemque
824 4190 935 4278 jocosi,
1043 4286 1066 4346 2

1004 4306 1024 4345 o
