2948 5422
319 484 383 549 162
641 506 672 550 az
696 505 842 549 nonarn
867 506 991 552 resecr

363 662 392 726 Ο
406 662 533 742 Lenaee,
545 663 631 749 aequi
646 659 753 727 Deum

406 765 590 850 Cingeutem
606 766 699 829 viridi
714 779 852 850 tempora
866 768 1022 851 pampino.

578 1120 673 1184 ODE
699 1119 836 1185 XXVI.
882 1118 936 1198 (u.
960 1127 1047 1207 xix.)

687 1279 733 1320 AD
758 1278 939 1320 VENEREH.

360 1411 442 1473 V1x1
458 1409 570 1494 puellis
585 1432 684 1495 nuper
698 1411 838 1487 idoneus,

360 1513 405 1576 Et
419 1513 552 1576 militavi
566 1535 627 1576 non
643 1513 709 1576 sine
724 1513 841 1597 gloria;

403 1617 497 1679 Nunc
511 1637 595 1679 arma
609 1615 850 1702 defunctumque
864 1615 945 1680 bello

446 1718 595 1782 Barbiton
611 1717 662 1782 bic
678 1718 777 1803 paries
792 1718 930 1796 habebit,

359 1821 492 1884 Laevum
509 1822 636 1885 marinae
651 1821 705 1907 qui
722 1821 849 1884 Veneris
863 1821 945 1885 latus

359 1922 516 1986 Custodit.
561 1923 637 1999 Hic,
653 1921 705 1985 bic
719 1923 825 2006 ponite
840 1923 944 1986 lucida

401 2024 536 2088 Funalia
550 2036 581 2087 et
598 2036 701 2086 vectes
713 2037 744 2086 et
760 2045 848 2086 arcus

443 2125 604 2210 Oppositis
618 2124 736 2188 foribus
750 2124 897 2188 minaces.

292 2209 337 2331 Δί
357 2231 386 2294 Ο
402 2252 472 2313 quae
486 2224 610 2325 beatpm
626 2228 711 2292 Diva
727 2242 812 2291 tenes
829 2230 968 2312 Cyprum
985 2240 1017 2291 et

357 2331 524 2416 Memphin
539 2345 692 2396 carentem
708 2330 850 2395 Sithonia
865 2331 938 2394 nive

400 2431 536 2515 Regina,
553 2429 677 2494 sublimi
692 2428 815 2513 flagello

443 2535 556 2617 Tange
572 2533 694 2598 Chloen
709 2531 803 2596 semel
815 2542 1018 2614 arrogantem.

553 2826 648 2888 ODE
681 2826 835 2888 XXVII.
883 2823 938 2899 (n.
954 2827 1070 2906 xv111.)

667 2981 713 3022 An
738 2979 945 3022 GALATEAM.

355 3101 476 3163 Inmos
493 3120 591 3182 parrae
605 3097 770 3163 recinentis
785 3119 875 3161 omen

353 3202 470 3278 Ducat,
486 3214 517 3264 et
532 3224 696 3285 praegnans
710 3201 806 3280 canis,
822 3213 875 3264 aut
891 3200 929 3263 ab
944 3221 1018 3283 agro

351 3303 442 3366 Rara
457 3304 621 3367 decurrens
636 3304 710 3388 lupa
727 3304 904 3380 Lanuvino,

441 3405 593 3489 Foetaque
609 3407 738 3490 vulpes;

352 3510 492 3590 Rumpat
508 3522 539 3570 et
554 3530 678 3593 serpens
693 3509 752 3573 iter
766 3509 956 3585 institutum,

352 3611 385 3674 Si
402 3631 456 3694 per
470 3609 628 3696 obliquum
646 3612 755 3675 similis
771 3614 893 3696 sagittae

350 3711 481 3776 Terruit
495 3733 633 3778 mannos.
677 3717 748 3799 Ego
763 3716 813 3779 cui
828 3714 943 3777 timebo

434 3815 589 3879 Providus
604 3840 731 3900 auspex,

347 3921 522 4003 Antequam
539 3932 654 3981 stantes
669 3933 789 4000 repetat
803 3920 932 4001 paludes

347 4019 498 4086 Imbrium
514 4018 622 4082 divina
637 4019 703 4082 avis
717 4018 944 4097 imminentum‚

348 4123 493 4188 Oscinem
509 4142 634 4185 corvum
651 4143 741 4205 prece
757 4119 913 4186 suscitabo

434 4224 517 4288 Solis
533 4226 571 4288 ab
586 4238 664 4288 ortu.
757 4296 759 4300 .
