2872 5010
282 480 345 543 lor
593 502 625 548 e.
649 503 796 546 nornru
822 502 945 547 uincor

528 670 624 733 ODE
649 670 796 735 XXlll.
842 672 893 749 (u.
918 670 1019 748 xvir.)

689 829 735 870 An
759 827 907 871 cunei-:m

325 937 435 1000 l'rrns
450 937 599 1002 hinnuleo
614 960 663 1003 me
678 940 799 1018 similis,
816 939 927 1017 Chloe,

324 1039 485 1115 Querenti
501 1040 644 1123 peridem
661 1042 817 1105 montibus
831 1040 911 1104 aviis

368 1144 517 1218 Matrem,
533 1163 593 1205 non
610 1142 676 1206 sine
691 1164 771 1206 vono

409 1246 565 1307 Auratum
580 1258 612 1308 et
627 1243 716 1306 siliiru
734 1258 832 1309 metu.

325 1349 406 1411 Nom
422 1367 477 1409 eeu
488 1345 654 1410 mobilibus
669 1345 771 1428 vepris
786 1343 938 1407 inhorruit

323 1447 520 1512 Adventum
535 1447 629 1523 foliis,
645 1469 698 1511 seu
715 1448 827 1511 virides
841 1447 952 1510 rubum
1039 1490 1043 1497 -

366 1548 535 1613 Dimovere
550 1549 683 1626 loeertae,

410 1653 456 1715 Et
470 1651 562 1715 eorde
572 1665 603 1715 et
618 1651 748 1734 genibus
764 1650 878 1714 tremit.

323 1752 420 1837 Atqui
435 1774 496 1816 non
512 1776 568 1837 ego
584 1767 625 1830 te,
643 1753 732 1837 tigris
748 1766 783 1814 ut
799 1773 907 1835 aspere

323 1855 508 1920 Gaetulusve
522 1853 581 1929 leo,
595 1853 735 1937 frangere
750 1874 931 1937 persequor:

365 1954 507 2018 Tandem
523 1953 628 2016 desine
644 1966 770 2015 matrem

407 2052 609 2139 Tempestivo
624 2051 708 2136 sequi
725 2052 800 2113 viro.

537 2345 634 2408 ouu
660 2343 796 2407 xxiv,
841 2340 894 2415 (u.
919 2345 1005 2423 xvi.)

644 2499 689 2540 nl)
713 2497 908 2540 vrnfllmuu.

321 2634 405 2706 Qum
421 2629 574 2694 desiderio
589 2631 630 2692 sit
644 2630 745 2713 pudor
760 2644 814 2693 out
830 2630 939 2692 modus

320 2732 402 2793 Tem
419 2730 482 2793 cnri
497 2730 633 2812 capitis?
655 2730 797 2811 Proecipe
811 2731 957 2812 lugubres

319 2835 449 2906 Cantus,
468 2829 678 2913 Melpomene,
692 2830 741 2891 cui
758 2830 907 2912 liquidnm
924 2846 1013 2913 puter

447 2933 562 2994 Vocem
578 2951 647 2992 cum
664 2927 781 2991 eithara
796 2929 893 2992 dedit.

319 3035 406 3118 Ergo
421 3018 624 3112 Quinclilium
640 3044 807 3115 perpetuus
822 3053 912 3115 sopor

319 3135 467 3219 Urguet?
488 3132 539 3197 cui
556 3133 674 3215 Pudor,
690 3147 722 3197 et
736 3133 759 3196 J
762 3133 878 3198 ustitia·
893 3159 977 3200 soror

319 3238 505 3320 Incorrupte
520 3235 627 3311 Fides,
642 3237 787 3321 nudeque
804 3238 936 3314 Veritas,

489 3337 621 3414 Quando
636 3337 734 3399 ullum
750 3338 911 3402 invenient
926 3346 1055 3422 parem?

318 3438 433 3502 Multis
448 3438 500 3502 ille
516 3439 604 3501 bonis
619 3437 730 3502 flebilis
741 3437 875 3509 oceidit;

277 3622 282 3630 .
317 3540 407 3603 Nulli
422 3538 554 3605 flebilior
568 3558 660 3625 quum
676 3540 745 3618 tibi,
762 3538 883 3625 virgili.

317 3642 372 3705 Tu
386 3641 499 3706 frustra
514 3640 596 3725 pius,
612 3641 694 3707 heu!
716 3665 777 3707 non
793 3642 838 3708 ite
853 3646 1005 3710 creditum

487 3743 594 3807 Poscis
609 3746 814 3821 Quinctilium
831 3749 925 3812 Deos.

316 3844 408 3921 Quod
424 3843 449 3906 si
463 3842 612 3921 Threicio
625 3845 771 3910 blandius
787 3849 915 3930 Orpheo

315 3945 468 4010 Auditum
484 3946 640 4009 moderere
656 3947 814 4009 arboribus
831 3948 943 4021 ddem3

316 4049 388 4112 Non
403 4067 493 4112 vouae
506 4046 612 4111 redeat
626 4047 751 4130 sanguis
767 4047 907 4130 imagini,

485 4151 585 4226 Quam
601 4148 687 4232 virgo
702 4148 795 4212 semel
812 4149 949 4217 horrida.
