2872 5010
317 478 361 560 78
638 501 669 546 a.
693 501 841 544 rroasrir
866 502 988 546 suaccr

363 648 513 713 Threicio
529 649 682 734 Aquilone
697 666 824 724 sonant3
849 653 1016 737 rapiamus,
1031 652 1140 732 amica,

406 749 608 818 Occasionem
624 755 664 817 de
679 754 747 826 die;
773 754 909 838 dumque
924 754 1027 818 virent
1040 776 1154 839 genua,

363 853 409 915 Et
424 851 524 927 decet,
540 851 673 914 obducta
689 850 827 915 solvatur
840 851 942 914 fronte
958 864 1110 915 senectus.
1297 855 1319 914 5

408 949 462 1010 Tu
478 948 551 1011 vina
564 948 724 1032 Torquato
739 968 828 1010 move
843 947 969 1011 consule
983 969 1089 1034 pressa
1103 970 1182 1014 meo.

363 1048 487 1110 Cretera
501 1045 590 1109 mitte
604 1046 709 1130 loqui:
735 1047 824 1108 Deus
837 1044 907 1109 haec
919 1045 1049 1110 fortasse
1063 1046 1200 1132 benigna

408 1147 551 1211 Reducet
565 1147 597 1210 in
613 1148 717 1211 sedem
733 1147 810 1211 vice.
857 1148 952 1212 Nunc
967 1163 999 1212 et
1013 1148 1215 1213 Achaemenio

363 1249 515 1314 Perfundi
531 1250 628 1313 nardo
638 1249 743 1333 juvat,
758 1263 790 1313 et
804 1250 867 1313 lide
883 1250 1035 1333 Cyllenea

407 1348 528 1415 Levare
542 1351 619 1415 diris
632 1365 757 1436 pectora
772 1352 1037 1417 solicitudinibus:
1275 1356 1321 1417 10

364 1454 487 1518 Nobilis
501 1467 537 1517 ut
551 1454 661 1539 grandi
677 1454 789 1518 cecinit
805 1457 980 1518 Centaurus
995 1453 1139 1528 alumno;

408 1556 542 1635 Invicta,
557 1558 695 1622 mortalis
710 1558 768 1621 dea
783 1570 854 1620 nate
868 1579 946 1641 puer
961 1555 1111 1633 Thetide,

365 1661 416 1723 'l'e
431 1672 534 1722 manet
550 1660 696 1725 Assaraci
713 1659 817 1736 tellus,
829 1680 921 1743 quam
936 1657 1052 1742 frigida
1065 1658 1153 1741 parvi

409 1762 552 1825 Findunt
568 1763 748 1826 Scamandri
764 1761 903 1836 flumina,
920 1761 1056 1824 lubricus
1072 1774 1103 1824 et
1120 1761 1253 1833 Simois;

366 1865 461 1928 Unde
478 1864 534 1927 tibi
549 1864 683 1928 reditum
700 1878 784 1929 certo
800 1864 973 1928 subtemine
988 1865 1096 1928 Parcae
1276 1866 1320 1928 15

409 1968 557 2048 Rupere;
581 1985 639 2028 nec
654 1978 752 2029 mater
767 1967 893 2029 domum
909 1966 1026 2028 coerula
1042 1981 1073 2029 te
1086 1964 1223 2029 revehet.

367 2067 438 2132 lllic
453 2087 544 2129 omne
559 2066 672 2130 malum
690 2068 762 2130 vino
778 2079 931 2151 cantuque
945 2066 1059 2145 levato,

408 2167 567 2233 Deformis
582 2168 771 2253 aegrimoniae
786 2168 929 2233 dulcibus
944 2168 1096 2254 alloquiis.

638 2467 993 2479 ——.-—---——-

627 2673 724 2735 xlv.
777 2671 942 2745 (uersum
966 2676 1012 2752 v.)

668 2884 715 2924 nn
738 2883 977 2926 MAECENATEM·

370 3064 509 3128 Montis
525 3059 637 3124 inertia
651 3079 705 3121 cur
719 3070 836 3121 tantam
851 3056 1011 3121 dillirderit
1026 3056 1096 3120 imis

416 3162 613 3228 Oblivionem
629 3159 779 3238 sensibus,

372 3266 491 3330 Pocula
506 3263 644 3329 Letheos
658 3274 694 3324 ut
709 3261 734 3324 si
750 3261 896 3325 ducentia
910 3284 1033 3327 somnos

414 3371 530 3432 Arente
544 3366 633 3430 fauce
647 3364 803 3441 traxerim,

373 3469 515 3535 Candide
531 3470 701 3542 Maecenas,
716 3466 831 3530 occidis
846 3489 930 3552 saepe
944 3469 1098 3553 rogando:

414 3573 513 3649 Deus,
530 3571 618 3633 Deus
633 3588 704 3632 nam
721 3590 770 3631 me
782 3584 877 3648 vetat,

372 3673 531 3757 Inceptos,
545 3670 619 3733 olim
635 3671 818 3754 promissum
836 3694 969 3748 carmen,
987 3672 1111 3736 lambos

413 3774 469 3838 Ad
484 3771 663 3836 umbilicum
680 3774 844 3841 adducere.

373 3877 445 3940 Non
461 3875 550 3939 aliter
566 3875 672 3938 Samio
687 3876 796 3940 dicunt
812 3880 923 3942 arsisse
939 3875 1087 3958 Bathyllo

415 3979 615 4042 Anacreonta
627 3977 740 4039 Teium
752 4004 760 4050 3

374 4081 437 4159 Qui
454 4101 592 4165 persaepe
607 4101 683 4143 cava
699 4079 853 4142 testudine
868 4077 954 4142 flevit
968 4100 1114 4154 amorem,

419 4183 492 4246 Non
508 4180 697 4245 elaboratum
715 4181 753 4245 od
770 4182 891 4264 pedem.
