2872 5010
564 460 696 503 EPODON
722 461 836 502 lunelli.

286 609 391 674 Radix
407 609 518 673 fefellit
534 631 582 673 me
598 611 684 674 locis.

243 712 398 776 indormit
414 712 515 776 unctis
529 712 667 790 omnium
685 713 837 778 cubilibus

285 814 452 879 Oblivione
464 814 621 898 pellicum.

241 915 318 980 Ah!
335 915 395 980 oh!
419 916 537 979 solutus
553 917 690 981 ambulet
705 915 850 979 veneficae

286 1018 464 1083 Scientioris
479 1018 623 1082 carmine.

136 1126 141 1134 '
242 1121 313 1185 Non
331 1121 453 1184 usitatis
469 1121 560 1197 Vere,
576 1121 753 1205 potionibus

286 1220 331 1298 (0
346 1221 445 1286 multo
460 1221 603 1288 fleturum
619 1237 713 1307 ceput
722 1227 748 1303 Ξ)

241 1321 292 1384 Ad
301 1342 350 1384 me
363 1342 520 1394 recurres3
543 1342 601 1384 nec
616 1333 726 1384 vocato
740 1342 827 1383 mens
843 1333 897 1384 tus

284 1422 403 1486 Marsis
416 1422 531 1486 redibit
546 1421 681 1485 vocibus.

241 1524 351 1608 Mojus
364 1525 490 1608 perebo,
506 1523 606 1606 majus
620 1521 782 1585 infundam
799 1521 855 1586 tibi

285 1626 473 1690 Fastidienti
488 1625 644 1709 poculum.

240 1727 393 1811 Priusque
408 1726 516 1790 caelum
533 1726 614 1789 sidet
629 1724 757 1788 inferius
772 1726 860 1802 meri,

285 1828 415 1892 Tellure
429 1841 569 1913 porrecto
583 1850 686 1913 super,

240 1931 344 2005 Quom
360 1951 421 1992 non
437 1951 539 1993 umore
554 1928 599 1994 sic
612 1952 681 1995 meo
697 1931 808 2015 flagres
822 1930 869 1995 uti

287 2027 433 2095 Bitumen
451 2032 525 2095 atris
540 2032 674 2117 ignibus.

240 2135 309 2198 Sub
324 2134 391 2214 haeo
405 2158 492 2220 puer,
501 2135 567 2218 jem
583 2157 645 2199 non
660 2150 696 2199 ut
711 2150 794 2213 onte,
810 2136 955 2200 mollibus

285 2237 401 2301 Lenire
416 2237 517 2300 verbis
533 2237 661 2320 impies;

241 2334 307 2398 Sed
321 2335 436 2399 dubius
450 2334 533 2398 unde
546 2347 704 2418 rumperet
718 2333 889 2410 silentium,

289 2436 382 2500 Misit
398 2435 575 2519 Thyesteas
589 2457 705 2519 preces.

168 2545 170 2548 ’
245 2536 372 2597 Veneno
387 2554 533 2617 magnum
548 2532 595 2596 fos
609 2532 767 2618 nefasque,
783 2554 844 2596 non
860 2533 964 2598 volent

288 2637 477 2699 Convertere
491 2633 657 2697 humanam
672 2634 781 2698 vicem.

246 2735 334 2798 Diris
348 2756 436 2819 egum
453 2756 527 2797 vos:
551 2732 619 2797 diro
633 2733 796 2798 detestatio

291 2838 388 2902 Nullo
402 2837 544 2921 expietur
558 2836 694 2901 victima.

242 2942 341 3020 Quin,
356 2940 411 3004 ubi
425 2939 525 3023 perire
534 2939 641 3023 jussus
656 2939 861 3022 exspiravere,

289 3043 469 3106 Nocturnus
484 3061 640 3105 occurram
658 3041 770 3117 Furor,

247 3145 417 3229 Petemque
431 3144 537 3207 vultus
551 3143 661 3217 umbro
675 3143 777 3206 curvis
791 3142 959 3226 unguibus,

291 3243 386 3324 (Quae
402 3244 449 3308 vis
464 3246 602 3308 Deorum
618 3258 664 3307 est
680 3244 856 3323 Moniunu)

247 3349 292 3411 Et
306 3346 454 3431 inquietis
468 3345 605 3410 assidens
620 3346 809 3430 praecordiis,

288 3447 409 3512 Pavore
424 3469 545 3511 somnos
559 3447 706 3512 auferam.

247 3551 310 3614 Vos
326 3549 418 3613 turbo
428 3549 553 3614 vicatim
569 3547 643 3613 hinc
658 3564 689 3614 et
703 3549 776 3614 hinc
791 3549 872 3615 sexis
886 3563 994 3636 petens

290 3652 482 3728 Contundet,
498 3653 645 3716 obscenos
660 3673 757 3724 snus;

247 3753 335 3827 Post,
351 3752 506 3836 insepulta
520 3752 658 3816 membro
672 3752 816 3819 different
831 3755 909 3842 lupi,

290 3855 336 3916 Et
347 3853 534 3938 Esquiliniae
546 3853 652 3918 alites:
1133 3862 1196 3925 100

247 3955 359 4039 Neque
373 3955 432 4020 hoo
446 3967 590 4040 parentes
603 3954 682 4033 (heu
696 3957 774 4022 mihi
790 3959 970 4045 superstites
983 3957 1008 4045 l)

289 4057 447 4142 Effugerit
461 4058 680 4143 spectantium.
