2872 5010
444 781 482 847 Q·
505 779 684 840 llORATll
707 775 853 837 FLACCl

212 936 555 1049 unomen
621 921 1087 1049 emonensis.

498 1294 662 1371 (nuruum
688 1300 798 1376 xviri.)

197 1449 327 1511 Prinas
342 1447 552 1530 silvarumque
566 1461 676 1531 potens
690 1448 807 1525 Diana,

196 1548 353 1613 Lucidum
365 1549 436 1613 coeli
450 1549 556 1624 decus,
572 1550 601 1613 Ο
617 1549 737 1614 colendi

198 1653 327 1736 Semper
341 1665 372 1716 et
387 1651 476 1727 culti,
488 1652 560 1715 date
574 1673 644 1736 quae
660 1673 819 1737 precamur

283 1757 439 1838 Tempore
455 1754 575 1838 priseo;

197 1858 268 1932 Quo
284 1855 429 1938 Sibyllini
444 1875 589 1918 monuere
605 1877 721 1932 versus,

197 1957 341 2040 Virgines
355 1957 461 2031 lectas,
477 1977 648 2037 puerosque
659 1970 770 2031 castos,

195 2058 278 2136 Diis,
290 2055 402 2140 quibus
416 2068 532 2139 septem
548 2055 690 2138 placuere
704 2057 807 2133 colles,

281 2158 394 2223 Dicere
409 2178 540 2221 carmen.

196 2262 292 2326 Alme
308 2260 373 2338 Sol,
387 2282 479 2324 curru
493 2259 593 2323 nitido
608 2261 688 2325 diem
705 2262 758 2346 qui

196 2362 317 2427 Ρῐοωὶε
331 2376 363 2427 et
378 2362 469 2441 celas,
484 2361 623 2448 aliusque
638 2375 669 2426 et
684 2361 765 2426 idern

195 2464 363 2537 Nasccris;
388 2464 486 2547 possis
502 2463 579 2527 nibil
596 2465 671 2527 urbe
688 2466 791 2529 Roma

282 2567 390 2631 Visere
405 2571 514 2651 majus.

195 2671 270 2734 Rite
284 2684 420 2734 maturos
436 2668 553 2752 aperire
566 2683 673 2752 partus

196 2771 294 2834 Lenis
310 2770 451 2852 ilithyia,
469 2784 554 2833 tuere
569 2782 703 2842 matres;

196 2871 269 2935 Sive
284 2884 319 2936 tu
331 2869 454 2934 Lucina
469 2871 579 2953 probas
595 2872 707 2947 vocari,

281 2975 343 3038 Seu
359 2971 524 3038 Genitalis.

198 3078 293 3156 Diva,
308 3075 459 3161 producas
475 3074 623 3151 subolem,
638 3085 821 3160 patrumque

195 3184 362 3266 Prosperes
376 3177 499 3242 decreta
513 3198 605 3261 super
612 3176 761 3262 jugandis

195 3281 359 3352 Foeminis,
374 3278 529 3362 prolisque
540 3299 629 3341 novae
643 3279 735 3342 feraci

282 3383 370 3463 Lege
384 3378 512 3441 marita:

100 3565 103 3575 ⁴
195 3487 308 3550 Certus
322 3481 461 3545 undenos
475 3478 577 3545 decies
592 3501 646 3564 per
661 3502 758 3545 annos

194 3585 288 3651 Orbis
303 3598 339 3648 ut
353 3597 462 3649 cantus
477 3583 647 3670 referatque
662 3584 762 3661 ludos,

195 3691 262 3752 Ter
275 3686 327 3751 die
341 3688 434 3764 claro,
451 3688 601 3774 totiesque
614 3699 706 3771 grata

280 3790 392 3864 Nocte,
402 3789 586 3871 frequentes.

194 3895 320 3976 Vosque
334 3911 457 3953 veraces
471 3890 617 3953 cecinisse
634 3893 752 3966 Parere,

194 3996 287 4076 Quod
302 3991 395 4058 semel
411 3990 527 4053 dictum
544 4004 601 4067 est,
617 3991 797 4073 stabilisque
811 4013 914 4057 rerum

192 4097 357 4161 Terminus
373 4107 494 4166 servat;
518 4093 598 4156 bona
614 4092 680 4174 jam
698 4093 829 4176 peractis

278 4197 410 4281 lungite
424 4197 496 4260 sata.
