2872 5010
191 412 257 473 244
515 425 547 471 u.
572 423 718 465 nouanti
745 419 868 464 nuncet

193 585 239 647 Et
254 584 360 645 docuit
376 602 585 664 magnumque
599 579 696 662 loqui,
712 578 831 663 nitique
847 575 1006 641 cothurno.
1129 574 1193 636 280'

195 684 352 747 Successit
369 698 460 745 vetus
475 682 525 744 his
542 681 719 753 Comoedia,
735 702 796 742 non
812 680 879 742 sine
893 678 992 741 multa

195 786 324 855 Laude3
348 784 400 846 sol
417 784 448 846 in
466 782 575 846 vitium
593 782 718 845 lilrertaa
733 781 859 857 excidit,
876 793 907 843 et
922 779 985 841 vim

196 887 333 969 Dignam
351 886 420 968 lege
435 884 515 968 regi:
541 884 590 946 len
606 897 653 946 cst
667 897 803 967 accepta,
816 882 989 965 chorusque

197 989 351 1071 Turpiter
366 987 508 1062 obticuit,
526 986 647 1049 sublato
657 987 730 1069 jure
744 985 885 1049 nocendi.

198 1088 253 1151 Nil
270 1089 455 1151 intentatum
472 1087 567 1150 nostri
584 1087 701 1170 liquere
717 1087 847 1149 Poeta:
1134 1086 1194 1147 285

198 1192 267 1251 Nec
283 1190 444 1251 minimum
461 1210 599 1250 meruere
611 1188 715 1264 decus,
732 1188 864 1268 vestigia
879 1189 995 1250 Graeca

198 1288 281 1352 Ausi
297 1289 446 1363 descrere,
463 1302 493 1350 et
509 1287 662 1351 celebrare
677 1288 846 1353 domestica
860 1289 962 1362 fucta;

201 1391 257 1453 Vel
272 1391 325 1474 qui
342 1390 519 1474 praetextas,
536 1389 584 1452 vel
600 1390 654 1475 qui
671 1390 802 1455 docuere
817 1405 945 1474 togatas.

199 1493 268 1555 Nec
284 1492 400 1556 virtute
415 1494 495 1557 soret
510 1492 639 1556 clarisve
653 1492 810 1575 potentius
824 1492 928 1568 armis,

201 1598 302 1671 Quam
319 1595 439 1679 lingere,
458 1595 597 1670 Latium,
613 1595 638 1656 si
655 1616 715 1656 non
731 1593 897 1658 offenderet
913 1613 1023 1655 unum·
1136 1595 1200 1661 290

203 1700 366 1783 Quemque
381 1698 550 1762 Po‘etamm
566 1697 649 1760 limae
664 1697 794 1760 laboret
809 1717 901 1759 mora.
948 1694 1020 1770 Vos,
1038 1696 1069 1757 Ο

203 1796 379 1883 Pompilius
395 1802 533 1884 sanguis,
549 1820 670 1864 carmen
686 1797 898 1882 reprehendite
912 1796 995 1879 quod
1011 1817 1074 1857 non

205 1901 314 1965 Multa
328 1902 396 1966 dies
410 1920 441 1966 et
457 1904 553 1966 muita
568 1902 660 1963 litura
674 1900 820 1973 coercuit,
836 1911 928 1979 atque

205 2001 395 2067 Prusectum
412 2003 512 2065 decies
528 2021 586 2059 non
602 1998 762 2077 castigavit
778 1998 817 2057 ad
833 2018 979 2077 unguem,

208 2103 373 2187 Ingenium
391 2102 498 2162 misera
512 2097 582 2178 quia
598 2095 783 2155 fortunatius
798 2109 864 2157 arte
1140 2106 1205 2171 295

208 2204 329 2277 Credit,
344 2217 374 2266 et
389 2198 524 2262 excludit
539 2216 627 2257 sanos
644 2193 796 2258 Helicone
806 2205 913 2279 poetas

208 2303 415 2371 Democritus,
432 2300 511 2360 bona
523 2319 593 2380 pars
608 2319 668 2359 non
685 2320 804 2382 ungues
819 2321 932 2383 ponere
947 2318 1045 2369 curat.

208 2405 281 2469 Nou
297 2403 431 2473 barbam,
443 2414 559 2463 secreta
573 2402 652 2483 petit
667 2400 745 2477 ioca,
762 2401 871 2465 balnea
884 2403 971 2465 vitat.

209 2503 411 2568 Nauciseetur
427 2502 508 2563 enim
526 2503 657 2586 pretium
675 2524 846 2588 nomenque
861 2513 973 2587 po'otu,

210 2606 243 2670 Si
259 2604 354 2668 tribus
370 2604 533 2689 Anticyris
549 2620 641 2689 caput
657 2606 825 2670 insanabile
840 2628 997 2690 nunquam
1138 2614 1207 2673 300

210 2702 341 2769 Tonsori
359 2704 472 2770 Licino
487 2709 679 2772 commiserit.
726 2712 757 2771 0
772 2731 828 2791 ego
840 2707 947 2781 laevus,

209 2805 270 2882 Qui
286 2826 400 2889 purgor
415 2808 507 2872 bilem
524 2813 581 2874 sub
597 2812 682 2873 verni
699 2811 845 2893 temporis
860 2810 982 2873 horam!

209 2906 281 2969 Nou
296 2904 375 2967 alius
390 2905 506 2970 saccret
523 2911 647 2973 meliora
662 2921 824 2994 po'e'mata;
851 2933 957 2973 verum

209 3006 263 3073 Nii
280 3008 358 3070 tanti
375 3024 440 3080 est;
465 3032 538 3093 ergo
553 3010 665 3093 fungar
680 3011 746 3072 viee
761 3012 849 3083 cotis,
866 3026 990 3074 acutum

211 3110 355 3177 Reddere
366 3134 434 3196 quae
450 3111 563 3176 ferrum
580 3112 672 3187 valet,
688 3133 791 3174 exsors
806 3111 871 3194 ipsa
882 3116 1026 3178 secandi:
1135 3120 1203 3179 305

212 3216 331 3279 Munus
347 3229 378 3277 ot
393 3216 537 3291 odicium,
554 3215 597 3277 nii
613 3215 747 3279 scribens
761 3215 838 3299 ipse,
850 3215 985 3291 docebo,

212 3314 307 3380 Unde
321 3331 467 3398 parentur
482 3339 572 3398 opes3
595 3317 670 3399 quid
685 3317 747 3379 aiat
761 3315 932 3401 formetque
947 3329 1070 3401 poetam
1082 3345 1092 3391 ;

213 3416 297 3496 Quid
312 3417 429 3492 deceat,
439 3417 514 3499 qnid
529 3437 609 3487 non;
634 3437 695 3499 quo
708 3418 817 3491 virtus,
833 3440 894 3503 quo
909 3418 985 3481 ferat
1000 3441 1092 3480 error.

214 3518 373 3585 Scribcndi
388 3532 481 3596 recte,
494 3538 598 3600 sapere
615 3531 660 3580 est
675 3532 705 3582 ct
721 3517 907 3603 principium
922 3531 952 3579 et
966 3517 1048 3578 fons:

213 3622 294 3685 Rem
311 3619 366 3684 tibi
384 3621 547 3685 Socraticae
563 3634 707 3703 poterunt
722 3623 882 3685 ostendere
896 3619 1025 3684 chartis:
1136 3622 1203 3682 310

214 3722 375 3807 Verbaque
389 3724 541 3806 provisam
558 3745 620 3786 rem
637 3746 698 3786 non
711 3723 808 3787 invita
824 3738 1000 3807 sumentur.

214 3825 276 3905 Qui
292 3826 402 3888 didicit
417 3825 525 3906 patriae
539 3825 614 3905 quid
631 3825 751 3897 debeat,
768 3838 797 3887 et
813 3825 888 3907 quid
905 3826 1021 3892 aniicis.

215 3930 286 4005 Quo
301 3926 341 3989 sit
355 3947 456 3988 amore
472 3946 592 4006 parcns,
610 3948 671 4006 quo
685 3928 777 3987 frater
792 3927 940 3989 arnaudus
956 3941 986 3990 et
1002 3928 1123 4011 hasprae,

216 4028 307 4107 Quod
322 4027 361 4089 sit
376 4025 552 4107 conscripti,
568 4026 649 4107 quod
660 4026 777 4106 judicis
792 4027 936 4103 odicium,
951 4051 1020 4112 qum

218 4132 325 4195 Partes
339 4129 370 4192 in
386 4127 499 4190 bellurn
516 4127 599 4190 missi
615 4126 713 4201 (lucis,
730 4127 781 4189 iile
797 4129 934 4210 profecto
1140 4135 1204 4195 315
