2872 5010
283 467 349 547 ,132
610 482 642 527 o.
658 478 807 521 nonn‘rrr
834 477 958 520 simoni

333 634 468 719 Pauperi
484 631 665 708 recluditur,

375 739 563 820 Regumque
577 731 681 818 pueris
693 756 702 805 ς
727 753 784 795 nec
798 730 921 795 satelles
937 731 1011 795 Orci

333 838 492 904 Callidum
510 833 696 899 Promethea
1020 840 1023 845 ’

375 939 512 1005 Revexit
527 960 601 1002 auro
617 950 746 1019 captus:
771 934 824 998 hic
839 935 1004 1018 superbum

334 1041 522 1116 Tantalum*
535 1052 627 1122 atque
643 1036 773 1100 Tantali

377 1144 487 1208 Genus
502 1151 642 1205 coercet:
667 1137 719 1200 hic
733 1138 834 1201 levare
850 1138 992 1201 functum

336 1249 507 1330 Pauperem
523 1241 690 1315 laboribus,

377 1348 513 1411 Vocatus
529 1357 621 1427 atque
635 1362 697 1404 non
713 1353 839 1404 vocatus
855 1343 954 1406 audit.

583 1763 678 1825 ODE
703 1763 806 1828 XIX.
855 1766 1008 1851 (r1.x1x.)
1043 1860 1046 1865 b

675 1969 713 2009 IN
739 1970 914 2012 ancellum.

340 2119 513 2181 Baccnum
530 2118 562 2180 in
579 2117 703 2181 remotis
718 2118 855 2181 carmina
870 2118 998 2204 rupibus

341 2219 414 2284 Vidi
429 2220 590 2285 docentem
608 2220 739 2300 (credite
753 2221 878 2306 posteri)

385 2323 610 2409 Nymphasque
625 2323 789 2402 discentes,
805 2337 836 2387 et
861 2347 949 2389 aures

427 2427 637 2512 Capripedum
656 2425 837 2511 Satyrorum
854 2440 969 2491 acutas.

341 2530 453 2592 Evoe!
477 2529 593 2592 recenti
609 2549 695 2592 mens
711 2529 845 2612 trepidat
861 2542 957 2607 metu,

344 2631 503 2714 Plenoque
520 2629 636 2693 Bacchi
651 2644 774 2712 pectore
789 2631 948 2695 turbidum

387 2733 538 2795 Laetatur.
584 2733 691 2795 Evoe!
717 2753 807 2814 parce
823 2733 931 2810 Liber,

432 2837 541 2909 Parce,
556 2834 643 2915 gravi
659 2835 824 2896 metuende
840 2833 956 2916 thyrso.

345 2937 408 3002 Fas
422 2935 596 3021 pervicaces
611 2946 657 2998 est
672 2933 750 2997 mihi
765 2934 929 3019 Thyadas,

347 3038 480 3122 Vinique
495 3036 623 3112 fontem,
638 3033 727 3097 lactis
742 3048 773 3098 et
787 3037 894 3099 uberes

391 3143 524 3205 Cantare
539 3138 631 3214 rivos,
647 3151 739 3222 atque
753 3138 870 3202 truncis

433 3241 539 3324 Lapsa
553 3238 636 3302 cavis
651 3239 759 3303 iterare
778 3241 891 3305 mella:

347 3344 410 3406 Fas
425 3356 457 3406 et
470 3343 568 3405 beatae
583 3341 724 3424 conjugis
743 3342 883 3407 additum

349 3444 454 3509 Stellis
469 3443 628 3519 honorem,
643 3455 784 3528 tectaque
799 3444 932 3510 Penthei

391 3545 532 3630 Disjecta
546 3566 610 3607 non
626 3545 688 3609 leni
702 3546 802 3626 ruina,

435 3646 570 3711 Thracis
584 3660 616 3710 et
631 3648 761 3712 exitium
779 3651 930 3735 Lycurgi.

350 3750 405 3812 Tu
419 3747 517 3812 flectis
532 3771 648 3828 amnes,
665 3764 700 3815 tu
716 3773 799 3817 mare
813 3754 994 3818 barbarum:

348 3852 402 3915 Tu
418 3850 565 3935 separatis
579 3853 693 3917 uvidus
709 3853 741 3916 in
751 3854 839 3937 jugis

390 3953 483 4017 Nodo
503 3962 624 4016 coerces
639 3954 778 4036 viperino

434 4054 629 4119 Bistonidum
649 4055 715 4117 sine
731 4055 840 4119 fraude
856 4057 973 4121 crines:

348 4159 414 4237 Tu,
430 4179 499 4222 curn
515 4158 650 4243 parentis
665 4180 760 4240 regna
775 4180 830 4243 per
844 4160 974 4224 arduum
