2872 5010
295 435 316 493 2
637 456 668 499 a.
694 452 839 495 ironatrr
866 450 987 495 r'naoct

301 603 463 676 Doctores,
479 601 630 665 elementa
645 603 742 665 velint
757 618 791 666 ut
807 606 923 668 discere
939 603 1081 686 prima-

302 704 363 766 Sed
380 717 481 766 tamen
497 718 599 766 amoto
613 726 786 788 quaeramus
802 707 880 769 seria
894 705 978 767 ludo.

302 804 363 867 Ille
378 788 501 884 gravem
518 805 595 866 duro
611 818 721 867 terram
737 806 790 890 qui
806 807 899 869 vertit
914 818 1024 881 aratro,

302 906 444 968 Perfidus
458 905 510 968 hic
526 927 634 988 caupo,
650 907 749 979 miles,
765 922 929 990 nautaeque
943 926 999 989 per
1013 928 1103 969 omne

301 1007 448 1070 Audaces
463 1029 545 1069 mare
560 1006 612 1090 qui
629 1022 767 1083 currunt,
783 1008 842 1072 hac
856 1021 960 1071 mente
974 1007 1108 1071 lahorem
1252 1010 1296 1072 30

304 1110 377 1171 Sese
392 1108 481 1183 ferre,
497 1130 586 1170 senes
602 1109 682 1171 utin
699 1109 762 1171 otia
778 1123 844 1172 tuta
859 1109 1016 1184 recedant,

303 1209 417 1285 Aiunt,
434 1230 503 1271 cum
520 1208 577 1270 sibi
594 1209 655 1270 sint
671 1225 817 1293 congesta
832 1210 965 1273 cibaria:
990 1210 1070 1272 sicut

302 1310 438 1373 Parvula
454 1309 539 1384 (nam
556 1311 696 1393 exemplo
711 1317 772 1393 est)
790 1311 894 1397 magui
908 1310 1036 1374 formica
1051 1310 1162 1374 laboris

303 1416 367 1477 Ore
381 1413 488 1490 trahit,
504 1414 708 1498 quodcunque
723 1427 835 1496 potest,
851 1427 942 1495 atque
956 1411 1044 1475 addit
1057 1433 1177 1485 acervo,

303 1519 402 1594 Quem
419 1515 521 1590 struit,
538 1514 621 1576 haud
636 1515 742 1597 ignara
757 1538 793 1577 ac
808 1537 869 1577 non
885 1514 1008 1577 incauta
1022 1512 1138 1575 futuri:
1251 1513 1295 1575 35

304 1619 394 1693 Quae,
411 1617 502 1678 simul
518 1616 672 1678 inversum
689 1616 849 1679 contristat
866 1614 1023 1699 Aquarius
1038 1634 1166 1690 annum,

305 1719 378 1780 Non
393 1741 520 1802 usquam
537 1717 684 1801 prorepit,
700 1732 731 1779 et
746 1717 807 1779 illis
824 1717 922 1779 utitur
937 1729 1008 1779 ante

303 1819 449 1895 Quaesitis
465 1820 604 1903 sapiens;
623 1841 691 1881 eum
708 1832 738 1880 te
753 1840 853 1903 neque
866 1817 1007 1880 fervidus
1021 1831 1115 1879 aestus

304 1919 471 1982 Dimoveat
486 1921 582 1996 lucro,
599 1942 697 2003 neque
712 1919 822 1990 hiems,
838 1918 930 2001 iguis,
947 1939 1042 1995 mare,
1057 1918 1170 1981 ferrum
1184 1943 1193 1991 ;

305 2021 361 2084 Nil
377 2024 476 2085 obstet
493 2022 560 2098 tibi,
576 2023 650 2084 dum
666 2044 705 2083 ne
719 2021 759 2082 sit
775 2034 805 2083 te
820 2020 914 2083 ditior
929 2019 1016 2083 alter.
1256 2025 1298 2084 40

305 2124 390 2200 Quid
400 2124 492 2207 juvat
507 2126 689 2186 immensum
706 2136 736 2184 te
752 2121 871 2204 argenti
888 2122 1009 2204 pondus
1024 2134 1056 2185 et
1070 2122 1138 2185 auri

305 2226 426 2289 Furtim
441 2226 561 2290 defossa
578 2225 719 2289 timidum
736 2225 888 2308 deponere
903 2226 1006 2286 terra?

307 2329 335 2400 ll
353 2329 457 2407 Quod,
474 2329 499 2391 si
515 2328 715 2404 comminuas,
731 2326 822 2388 vilem
839 2324 997 2408 redigatur
1012 2327 1052 2389 ad
1067 2348 1174 2390 assem.

307 2429 334 2500 ll
354 2433 401 2493 At
415 2431 448 2492 ni
463 2431 496 2492 id
507 2432 553 2506 tit,
569 2430 644 2514 quid
659 2429 753 2493 habet
767 2427 887 2511 pulchri
903 2442 1095 2492 constructus
1110 2432 1261 2492 acervus?

306 2530 412 2593 Millia
425 2531 572 2594 frumenti
590 2545 642 2594 tua
658 2532 777 2594 triverit
792 2553 862 2594 area
877 2543 1012 2609 centum,
1256 2536 1299 2596 45

307 2631 381 2694 Non
397 2644 469 2692 tuus
484 2631 543 2695 hoe
558 2632 658 2714 capiet
673 2645 780 2693 venter
794 2632 864 2715 plus
879 2653 970 2716 quam
986 2654 1090 2696 meus:
1114 2646 1151 2697 ut
1165 2633 1191 2696 si

307 2730 487 2794 Reticulum
504 2732 592 2815 panis
608 2732 731 2792 venales
746 2731 825 2793 inter
840 2748 951 2796 onusto

307 2833 401 2894 Forte
416 2831 510 2894 vehas
525 2830 665 2907 humero,
681 2832 780 2894 nihilo
795 2833 864 2915 plus
879 2835 1010 2919 accipias
1024 2857 1116 2920 quam

308 2936 370 3014 Qui
385 2935 430 2996 nil
445 2932 583 3017 portdrit.
630 2935 657 2996 V
659 2934 687 2997 el
703 2935 763 3011 dic,
779 2936 854 3020 quid
868 2937 979 3001 referat
993 2937 1075 3002 intra

308 3039 440 3102 Naturae
456 3037 532 3098 fines
547 3036 676 3116 viventi,
687 3038 799 3122 jugem
815 3052 949 3117 eentum,
966 3061 1004 3102 au
1256 3046 1300 3106 50

307 3141 399 3204 Mille
414 3143 504 3205 aret?
551 3141 578 3211 ll
598 3144 644 3203 At
659 3164 753 3205 suave
767 3157 814 3205 est
828 3166 866 3206 ex
881 3164 992 3226 magno
1007 3141 1115 3206 tollere
1129 3165 1247 3207 acervo.

309 3244 337 3314 ll
350 3245 435 3306 Dum
452 3267 490 3306 ex
504 3265 600 3327 parvo
614 3246 702 3307 nobis
718 3247 900 3309 tantundem
918 3244 1040 3308 haurire
1054 3245 1219 3330 relinquas,

309 3345 376 3407 Cur
392 3358 445 3407 tua
459 3344 530 3429 plus
545 3344 651 3407 laudes
667 3348 798 3410 cumeris
813 3347 954 3431 granmm
968 3345 1104 3409 nostris?

306 3447 354 3509 Ut
371 3446 426 3508 tibi
442 3446 467 3508 si
483 3446 523 3509 sit
538 3468 614 3529 opus
629 3447 739 3530 liquidi
753 3471 815 3512 non
831 3449 962 3533 amplius
976 3470 1065 3525 urna,

309 3549 367 3611 Vel
383 3549 515 3631 cyath0;
534 3561 565 3610 et
581 3548 676 3625 (iiras,
693 3552 813 3637 Magno
829 3554 868 3616 de
882 3550 1009 3615 flumine
1024 3549 1158 3624 mallem,
1258 3554 1300 3614 55

307 3652 407 3729 Quam
424 3675 462 3715 ex
476 3651 535 3714 hoc
550 3651 699 3717 fonticulo
715 3656 894 3718 tantundem
911 3674 1038 3716 sumere.
1083 3653 1133 3716 Eo
1147 3652 1192 3716 fir.

307 3752 433 3816 Plenior
449 3766 482 3816 ut
498 3754 600 3837 siquos
615 3756 745 3820 delectet
761 3757 849 3841 copia
858 3757 958 3839 just0,

308 3851 388 3917 Cum
405 3856 473 3938 ripa
489 3855 580 3917 simul
596 3858 718 3920 avulsos
733 3861 811 3923 ferat
828 3858 963 3922 Aufidus
978 3878 1065 3919 acer:

306 3960 349 4020 At
364 3959 417 4041 qui
434 3958 546 4021 tantuli
562 3973 631 4042 eget
646 3974 762 4044 quanto
776 3975 821 4024 est
838 3982 927 4043 opus,
944 3959 969 4021 is
984 3978 1083 4040 neque
1098 3955 1171 4017 limo

305 4061 477 4123 Turbatam
494 4059 598 4122 haurit
613 4083 734 4144 aquam,
751 4086 849 4146 neque
861 4063 956 4125 vitam
972 4058 1129 4124 amittitiu
1139 4058 1240 4121 undis.
1256 4057 1299 4121 60

305 4163 347 4223 At
362 4162 441 4224 bona
456 4183 527 4243 pars
542 4161 702 4223 hominum
718 4163 846 4245 decepta
861 4164 1007 4246 cupidine
1021 4160 1110 4235 falso,
