2872 5010
609 454 742 498 EPODON
767 455 882 499 Inuus.

289 601 400 686 Neque
414 600 466 665 hic
483 601 564 686 lupis
580 623 656 680 mos,
671 626 728 670 nee
741 605 804 670 t'uit
818 606 970 683 leonibus,

333 703 500 787 Nunquam
517 703 576 767 nisi
591 705 622 769 in
638 706 744 792 dispar
757 707 841 772 feris.

291 803 431 868 Furorue
448 826 559 884 caecus,
575 827 615 870 au
626 807 709 892 rapit
725 809 772 872 vis
786 808 910 873 acrior?

336 908 391 970 An
402 907 518 992 culpa?
534 929 715 992 responsum
731 909 813 974 date.

291 1013 414 1075 Tacent
425 1036 434 1083 ;
459 1024 490 1074 et
504 1033 558 1075 ora
569 1011 669 1095 pallor
682 1011 771 1075 albus
782 1011 903 1085 inficit3

335 1115 523 1198 Mentesque
534 1113 685 1197 perculsas
700 1125 836 1198 stupent.

292 1215 344 1278 Sic
358 1228 424 1279 est:
449 1215 559 1279 acerba
573 1214 637 1279 fata
653 1216 812 1279 Romanos
828 1227 939 1298 agunt,

336 1316 505 1402 Scelusque
519 1316 663 1381 fraternae
677 1316 781 1389 nscis;

292 1418 341 1482 Ut
355 1417 545 1483 immerentis
560 1416 650 1482 fluxit
664 1417 697 1480 in
713 1431 824 1482 terram
841 1417 934 1482 Remi
1024 1433 1026 1438 ·

345 1523 439 1584 Sacer
451 1519 616 1603 nepotibus
632 1541 730 1582 cruor.

570 1755 628 1764 -—-

633 1904 731 1967 Vlll.
779 1901 832 1979 (ιι.
856 1909 895 1986 ι.)

540 2095 578 2138 IN
602 2095 702 2138 ANUM
727 2095 969 2139 ulululuossst.
1043 2061 1049 2075 ι

299 2248 449 2310 Roosnn
464 2245 559 2328 longo
574 2244 714 2328 putidam
732 2257 763 2307 te
778 2242 904 2315 saeculo,

343 2347 432 2411 Vires
446 2346 523 2431 quid
537 2357 663 2410 enervet
677 2365 761 2409 meas
775 2339 784 2406 l

301 2451 382 2513 Cum
399 2449 439 2511 sit
454 2446 513 2511 tibi
527 2448 603 2510 dens
618 2459 694 2520 ater,
712 2460 743 2510 et
758 2446 845 2531 rugis
860 2452 950 2511 vetus

344 2551 492 2613 Frontem
509 2561 650 2612 senectus
664 2560 786 2621 erarst;

303 2651 443 2736 Hietque
458 2648 557 2734 turpis
573 2649 654 2713 inter
668 2649 770 2713 aridas
784 2662 872 2715 nates

347 2751 467 2828 Podsx,
483 2749 569 2814 velut
584 2751 688 2814 srudae
703 2751 799 2814 bovis.

304 2853 366 2917 Sed
380 2852 490 2916 incitat
503 2873 553 2916 me
568 2865 687 2936 pectus,
703 2865 734 2916 et
750 2857 893 2917 mammae'
906 2867 1023 2938 putres,

344 2953 471 3041 Equiua
485 2954 591 3039 quales
604 2955 700 3018 ubera
712 2979 721 3033 ;

253 3060 258 3067 ’
306 3057 479 3140 Venterque
492 3056 604 3134 mollis,
621 3068 653 3120 et
667 3056 768 3121 femur
783 3056 975 3121 tumentibus

346 3157 440 3221 Exile
449 3157 528 3220 suris
543 3157 694 3222 additum.

305 3261 384 3322 Esto
398 3259 505 3322 beata:
529 3256 623 3322 funus
638 3272 731 3345 atque
747 3260 898 3345 imagines

349 3359 476 3420 Ducant
491 3357 694 3442 triumphales
705 3375 816 3435 tuum3

306 3458 374 3521 Nec
389 3457 430 3520 sit
444 3457 554 3523 marita
566 3479 638 3543 quae
652 3462 884 3527 rotundioribus

219 3575 221 3577 ·
348 3560 471 3622 Onusta
485 3560 586 3624 bassis
601 3562 747 3628 ambulet.

307 3659 414 3737 Quid?
430 3661 514 3744 quod
528 3660 625 3725 libelli
638 3663 735 3727 Stoici
749 3662 830 3728 inter
846 3665 966 3730 Sericos

349 3760 373 3823 J
374 3780 461 3823 acere
475 3759 621 3844 pulvillos
635 3768 764 3827 amant?

308 3860 454 3925 Illiterati
468 3882 544 3926 uum
560 3862 662 3927 minus
676 3863 764 3928 nervi
779 3865 904 3951 rigent?

352 3964 501 4030 Miuusve
515 3967 643 4050 languet
656 3966 807 4033 fascinum
820 3972 834 4031 t

217 4059 236 4101 Γ·
308 4067 400 4143 Quod
414 4078 451 4131 ut
466 4069 598 4152 superbo
612 4088 759 4153 provoces
774 4071 814 4136 ab
828 4072 968 4156 inguine,

354 4170 417 4232 Ore
431 4168 672 4234 adlaborandum
689 4185 735 4236 est
750 4172 816 4236 tibi.
879 4238 881 4243 ,
