2872 5010
464 493 654 538 suariorum
680 495 746 537 mu.
770 495 805 536 ιι.
829 478 859 537 8.
1116 473 1156 538 61

168 641 248 706 Cum
265 641 359 707 saeris
375 641 508 721 Cereris,
524 645 663 728 procedit
677 645 782 708 luscus
799 645 978 729 Hydaspes,
1154 722 1156 727 ἲ

165 746 301 809 (ἳωοιώα
316 745 388 812 vina
402 746 524 820 ferens;
549 747 660 824 Alcon,
677 746 805 825 Chium,
817 747 910 812 maris
925 769 1042 832 expers.
1118 749 1161 810 la

165 848 231 912 Hic
245 848 359 921 herus;
384 849 557 927 Albanum,
575 852 745 924 Maeceuas,
762 849 827 914 sive
842 850 1015 916 Falernum

166 950 217 1014 Te
232 952 330 1034 magis
344 951 494 1034 appositis
508 952 653 1026 delectat,
669 951 817 1015 habemus
833 966 1007 1036 utrumque.

167 1051 194 1121 V
209 1052 346 1116 Divitias
361 1053 506 1116 miseras!
533 1055 594 1117 Sed
609 1054 697 1136 queis
712 1054 906 1118 coenantibus
921 1075 994 1128 una,

167 1153 326 1231 Fundani,
341 1153 470 1239 pulchre
484 1155 580 1219 fuerit
596 1155 664 1231 tibi,
679 1157 769 1219 nosse
784 1155 901 1218 laboro.

168 1255 195 1325 V
215 1254 361 1319 Summus
371 1278 440 1340 ego,
450 1271 481 1320 et
491 1278 587 1341 prope
597 1279 645 1321 me
658 1257 769 1321 Viscus
778 1257 954 1336 Thurinus,
964 1270 996 1324 et
1009 1256 1100 1338 iufra,
1117 1261 1160 1322 20

169 1355 203 1419 Si
219 1356 358 1434 memini,
375 1358 508 1430 Varius;
533 1379 602 1422 cum
620 1358 751 1423 Servilio
766 1361 932 1425 Balatrone
954 1433 957 1439 ,

168 1458 322 1534 Vibidius,
335 1481 411 1545 quos
428 1461 587 1524 Maecenaa
602 1460 774 1523 adduxerat
787 1463 919 1526 umbras.

167 1560 383 1624 Nomentanus
399 1574 465 1625 erat
480 1583 572 1644 anper
587 1562 700 1644 ipsum,
719 1562 844 1626 Porcius
859 1563 951 1639 infra,

168 1661 335 1725 Ridiculus
352 1677 431 1726 totas
446 1663 537 1725 simul
553 1664 713 1726 obsorbere
729 1663 902 1747 placentas:

168 1763 385 1828 Nomentanus
400 1765 439 1828 ad
455 1764 525 1841 boc,
541 1764 594 1848 qui
610 1763 711 1848 siquid
725 1764 804 1829 forts
818 1766 939 1842 lateret,
1119 1773 1164 1833 25

170 1864 281 1928 Indice
296 1881 477 1930 monstraret
492 1867 591 1950 digito
605 1890 612 1928 :
637 1887 707 1929 uam
724 1881 835 1931 caetera
850 1867 952 1944 turba,

170 1968 249 2044 Nos,
265 1968 401 2053 inquam,
417 1991 576 2033 coeuamus
591 1990 676 2046 aves,
692 1968 864 2054 conchylia,
879 1969 990 2054 pisces,

170 2068 281 2155 Longe
292 2071 471 2137 dissimilem
487 2088 560 2137 noto
575 2071 707 2137 celantia
721 2094 844 2137 succum
856 2100 866 2148 ;

170 2174 218 2238 Ut
234 2174 283 2238 vel
298 2175 444 2239 continuo
460 2176 572 2259 patuit,
583 2197 654 2238 cum
669 2175 800 2258 passeris
816 2190 909 2259 atque

170 2277 335 2360 Ingustata
351 2277 427 2340 mihi
443 2291 619 2361 porrexerat
634 2276 687 2340 ilia
701 2275 833 2340 rhombi.

171 2379 247 2441 Post
261 2377 321 2441 hoc
336 2400 384 2441 me
396 2379 502 2442 docuit
516 2378 670 2442 melimela
684 2378 792 2441 rubere
808 2379 956 2443 minorem

171 2479 226 2542 Ad
240 2479 345 2542 lunam
362 2479 496 2544 delecta:
521 2480 597 2564 quid
611 2479 671 2542 hoe
685 2478 818 2556 intersit,
833 2479 954 2565 abipso

170 2579 321 2644 Audieris
336 2580 457 2644 melius.
503 2583 589 2644 Tum
608 2579 750 2644 Vibidius
766 2577 946 2662 Balatroni3

170 2684 240 2746 Nos
255 2682 314 2746 nisi
329 2682 476 2747 damnose
491 2682 635 2762 bibimus,
646 2683 811 2748 moriemur
825 2684 935 2749 inulti:

169 2786 215 2848 Et
230 2783 340 2849 calices
355 2785 455 2869 poscit
469 2785 620 2869 majores:
645 2797 764 2850 vertere
777 2787 877 2870 pallor
1118 2793 1163 2855 35

170 2888 257 2951 Tum
272 2887 399 2972 parochi
414 2887 537 2966 faciem,
556 2887 602 2951 nil
618 2887 661 2951 sic
676 2888 841 2952 metuentis
857 2902 892 2952 ut
906 2911 990 2954 acres

169 2991 315 3062 Peterem
341 2989 391 3054 vel
405 2990 487 3074 quod
503 2988 693 3053 maledicunt
707 2988 845 3069 liberius,
861 2991 911 3055 vel

170 3091 306 3156 Fervida
320 3092 403 3176 quod
419 3092 532 3157 subtile
546 3092 714 3157 exsurdant
728 3091 802 3155 vina
816 3093 964 3176 palatum.

170 3195 337 3259 Invertunt
351 3194 529 3279 Allipbanis
544 3194 662 3258 vinaria
678 3207 742 3258 tota

170 3296 313 3360 Vibidius
329 3297 528 3380 Balatroque,
544 3296 657 3362 secutis
671 3297 832 3361 omuibus:
857 3296 912 3361 imi
1121 3304 1165 3364 to

169 3400 321 3464 Convivre
336 3400 408 3463 lecti
423 3400 555 3463 nibilum
571 3422 703 3464 nocuere
718 3399 846 3484 lagenis.

169 3496 312 3565 Affeitur
326 3502 452 3586 squillas
467 3503 548 3565 inter
562 3524 700 3566 muraena
715 3515 857 3566 natantes

170 3604 210 3666 Iu
220 3603 326 3688 patina
336 3614 485 3688 porrecta.
531 3604 596 3668 Sub
610 3602 670 3667 hoc
685 3602 790 3681 herus,
802 3605 884 3668 Haee
897 3605 1036 3688 gravida,
1051 3606 1163 3693 inquit,

170 3705 271 3789 Capta
286 3718 343 3781 est,
358 3705 491 3769 deterior
506 3718 575 3788 post
590 3719 711 3789 partum
728 3727 819 3769 carue
832 3706 948 3772 futura.

169 3806 232 3869 llis
248 3807 371 3870 mistum
380 3807 433 3890 jus
448 3820 506 3881 est,
522 3806 601 3881 oleo,
616 3806 699 3890 quod
715 3806 815 3888 prima
830 3809 956 3875 Venafri
1123 3819 1165 3881 45

169 3909 287 3972 Pressit
303 3909 399 3984 cella;
423 3931 497 3992 garo
512 3909 551 3972 de
566 3909 665 3972 succis
680 3907 773 3992 piscis
791 3911 897 3986 lberi3

169 4010 249 4073 Vino
264 4010 467 4096 quinquenni,
484 4033 589 4076 verum
606 4012 684 4076 citra
698 4033 781 4077 mare
795 4026 880 4090 nato,

166 4114 252 4176 Dum
268 4114 410 4198 coquitur
427 4112 529 4191 (cocto
545 4114 661 4180 Chium
679 4115 722 4179 sic
738 4118 893 4195 convenit,
906 4132 942 4183 ut
955 4141 1018 4184 non

166 4216 238 4279 Hoc
253 4216 353 4300 magis
369 4216 467 4280 ullum
483 4217 600 4294 aliud);
627 4218 733 4301 pipere
749 4217 831 4295 albo,
847 4240 909 4282 nou
924 4221 990 4286 siue
1005 4235 1101 4299 aceto,
