2872 5010
586 454 617 500 Q·
640 453 790 498 uotum
815 455 938 499 FLACCI

662 707 721 770 vl.
767 703 821 783 u·
846 711 885 789 1·)

567 914 606 957 IN
629 914 776 958 CASSIU!
801 914 974 959 sursunt.

314 1063 405 1139 Quru
421 1062 615 1127 immerentes
633 1063 773 1149 hospites
789 1086 894 1143 vexes,
911 1065 1010 1144 esuis,

359 1165 499 1248 {gnavus
513 1165 677 1229 adversum
694 1166 811 1250 lupos?

314 1265 399 1343 Quin
414 1265 477 1330 huo
492 1266 611 1344 inanes,
628 1268 654 1330 si
669 1281 769 1353 potes,
781 1270 877 1334 vertis
888 1269 998 1347 mines,

356 1370 403 1432 Et
417 1390 467 1432 me
481 1391 689 1434 remorsurum
705 1370 811 1456 petis?
1005 1358 1006 1362 ¹

315 1469 409 1547 Nsm,
424 1471 523 1555 qualis
539 1484 593 1535 aut
608 1473 777 1551 Molossus,
793 1487 846 1537 eut
857 1474 963 1538 fulvus
979 1474 1099 1552 Lacon,

360 1566 492 1646 (Amico
503 1567 550 1631 vis
565 1569 763 1652 pastoribus)

277 1739 281 1749 Ι
316 1664 420 1748 Agsm
438 1686 492 1748 per
507 1666 585 1728 oltss
603 1687 676 1729 aure
692 1667 813 1730 sublate
824 1667 922 1743 nives,

360 1767 561 1852 Quaecunque
575 1769 731 1850 praecedet
746 1768 820 1833 fere.

315 1869 370 1931 Tu
385 1890 456 1931 cum
472 1869 608 1933 timendo
624 1891 700 1933 voce
714 1871 874 1954 complesti
890 1893 1008 1947 nemus,

358 1970 534 2052 Projectum
551 1969 688 2032 odoraris
703 1970 816 2033 cibum.

315 2072 412 2147 Cave,
424 2090 517 2132 esve:
542 2090 677 2153 namque
692 2070 723 2132 iu
739 2071 836 2134 mulos
851 2074 1037 2156 asperrimus

356 2171 471 2237 Parata
486 2171 560 2236 tollo
570 2193 702 2245 comua;

315 2275 424 2353 Qualis
441 2274 609 2359 Lycemboe
624 2288 745 2359 spretus
760 2276 856 2340 infido
871 2299 977 2362 gener,

358 2380 425 2443 Aut
439 2400 509 2444 scer
523 2378 622 2443 hostis
639 2378 771 2464 Bupalo.

315 2484 377 2561 An,
393 2481 489 2566 siquis
504 2494 571 2547 stro
581 2482 675 2546 dente
689 2504 739 2546 me
754 2483 910 2568 petiverit,

360 2583 486 2648 Inultus
501 2597 536 2647 ut
552 2583 631 2648 flebo
642 2587 743 2668 puer?

648 2938 728 3001 VII.
774 2934 828 3012 (u.
852 2876 906 3015 NJ'

550 3113 598 3156 An
622 3111 777 3155 eorunm
803 3109 988 3154 BONANUM.

317 3266 401 3343 Quo,
416 3285 478 3349 quo
492 3262 612 3328 scelesti
627 3262 737 3327 ruitis?
756 3275 811 3327 sut
826 3284 882 3326 cur
890 3261 1024 3327 dexteris

358 3368 521 3451 Aptsntur
535 3387 623 3429 enses
638 3363 778 3429 conditi?

314 3466 471 3532 Parumne
486 3466 602 3550 campis
616 3479 708 3552 etque
720 3466 869 3551 Neptuno
885 3487 978 3550 super

361 3570 481 3633 Fusum
497 3581 544 3633 est
556 3568 666 3633 Latini
681 3567 867 3653 sanguinis?

313 3668 390 3734 Non
405 3683 441 3734 ut
452 3672 599 3756 superbas
613 3671 728 3736 inridre
745 3669 945 3756 Carthaginis

359 3772 522 3837 Romanus
536 3797 620 3839 troes
634 3787 755 3853 ureret;

317 3872 460 3938 Iutsctus
475 3888 528 3938 aut
544 3877 714 3940 Britannus
729 3889 765 3939 ut
780 3874 977 3939 descenderet

361 3976 457 4041 Socra
471 3988 629 4040 catenatus
645 3977 715 4039 vis:

317 4076 381 4141 Sed
394 4091 442 4156 ut,
458 4077 625 4142 seeundum
642 4091 715 4141 voto
724 4075 921 4152 Parthorum,
938 4098 993 4138 sus

359 4179 445 4243 Urbs
456 4178 524 4242 hoec
538 4178 651 4262 periret
666 4179 800 4242 dextera.
