<?xml version="1.0" encoding="UTF-8"?>
<!DOCTYPE html PUBLIC "-//W3C//DTD XHTML 1.0 Transitional//EN"
    "http://www.w3.org/TR/xhtml1/DTD/xhtml1-transitional.dtd">
<html xmlns="http://www.w3.org/1999/xhtml" xml:lang="en" lang="en">
 <head>
  <title>
</title>
<meta http-equiv="Content-Type" content="text/html;charset=utf-8" />
  <meta name='ocr-system' content='tesseract 3.04.00' />
  <meta name='ocr-capabilities' content='ocr_page ocr_carea ocr_par ocr_line ocrx_word'/>
</head>
<body>
  <div class='ocr_page' id='page_1' title='image "./horatiusrestitu00tategoog_0377.png"; bbox 0 0 2872 5010; ppageno 0'>
   <div class='ocr_carea' id='block_1_1' title="bbox 274 421 974 493">
    <p class='ocr_par' dir='ltr' id='par_1_1' title="bbox 274 421 974 493">
     <span class='ocr_line' id='line_1_1' title="bbox 274 421 974 493; baseline 0.016 -11"><span class='ocrx_word' id='word_1_1' title='bbox 274 421 336 482; x_wconf 79' lang='lat'>142</span> <span class='ocrx_word' id='word_1_2' title='bbox 619 447 651 492; x_wconf 86' lang='lat' dir='ltr'>o.</span> <span class='ocrx_word' id='word_1_3' title='bbox 676 445 823 490; x_wconf 67' lang='lat' dir='ltr'>nourrii</span> <span class='ocrx_word' id='word_1_4' title='bbox 852 449 974 493; x_wconf 63' lang='lat' dir='ltr'>uinces</span> 
     </span>
    </p>
   </div>
   <div class='ocr_carea' id='block_1_2' title="bbox 307 592 950 1175">
    <p class='ocr_par' dir='ltr' id='par_1_2' title="bbox 307 592 950 1175">
     <span class='ocr_line' id='line_1_2' title="bbox 356 592 899 682; baseline 0.015 -27"><span class='ocrx_word' id='word_1_5' title='bbox 356 592 473 656; x_wconf 85' lang='lat' dir='ltr'>Missos</span> <span class='ocrx_word' id='word_1_6' title='bbox 491 595 529 657; x_wconf 83' lang='lat' dir='ltr'>od</span> <span class='ocrx_word' id='word_1_7' title='bbox 546 596 682 658; x_wconf 87' lang='lat' dir='ltr'>Orcum:</span> <span class='ocrx_word' id='word_1_8' title='bbox 707 617 764 660; x_wconf 79' lang='lat' dir='ltr'>noc</span> <span class='ocrx_word' id='word_1_9' title='bbox 779 599 899 682; x_wconf 82' lang='lat' dir='ltr'><strong>peredit</strong></span> 
     </span>
     <span class='ocr_line' id='line_1_3' title="bbox 405 695 950 782; baseline 0.02 -24"><span class='ocrx_word' id='word_1_10' title='bbox 405 695 587 781; x_wconf 72' lang='lat' dir='ltr'>lmpositsm</span> <span class='ocrx_word' id='word_1_11' title='bbox 604 697 686 761; x_wconf 84' lang='lat' dir='ltr'>celer</span> <span class='ocrx_word' id='word_1_12' title='bbox 701 697 782 782; x_wconf 83' lang='lat' dir='ltr'>ignis</span> <span class='ocrx_word' id='word_1_13' title='bbox 797 698 950 776; x_wconf 77' lang='lat' dir='ltr'>AEtnam3</span> 
     </span>
     <span class='ocr_line' id='line_1_4' title="bbox 307 795 816 885; baseline 0.016 -29"><span class='ocrx_word' id='word_1_14' title='bbox 307 795 534 862; x_wconf 85' lang='lat' dir='ltr'>lncontinontis</span> <span class='ocrx_word' id='word_1_15' title='bbox 550 821 606 863; x_wconf 89' lang='lat' dir='ltr'>nec</span> <span class='ocrx_word' id='word_1_16' title='bbox 622 800 714 884; x_wconf 84' lang='lat' dir='ltr'>Tityi</span> <span class='ocrx_word' id='word_1_17' title='bbox 724 801 816 885; x_wconf 86' lang='lat' dir='ltr'>jecur</span> 
     </span>
     <span class='ocr_line' id='line_1_5' title="bbox 309 897 874 986; baseline 0.018 -25"><span class='ocrx_word' id='word_1_18' title='bbox 309 897 474 983; x_wconf 82' lang='lat' dir='ltr'>Relinquit</span> <span class='ocrx_word' id='word_1_19' title='bbox 490 900 565 979; x_wconf 91' lang='lat' dir='ltr'>ales,</span> <span class='ocrx_word' id='word_1_20' title='bbox 583 902 731 986; x_wconf 81' lang='lat' dir='ltr'>nequitiae</span> <span class='ocrx_word' id='word_1_21' title='bbox 746 906 874 971; x_wconf 88' lang='lat' dir='ltr'>additus</span> 
     </span>
     <span class='ocr_line' id='line_1_6' title="bbox 308 1002 843 1071; baseline 0.019 -10"><span class='ocrx_word' id='word_1_22' title='bbox 308 1048 311 1052; x_wconf 50' lang='grc'><strong><em>,</em></strong></span> <span class='ocrx_word' id='word_1_23' title='bbox 355 1002 488 1067; x_wconf 76' lang='lat' dir='ltr'>Custos:</span> <span class='ocrx_word' id='word_1_24' title='bbox 512 1015 680 1067; x_wconf 78' lang='lat' dir='ltr'><strong>amatorem</strong></span> <span class='ocrx_word' id='word_1_25' title='bbox 697 1020 843 1071; x_wconf 85' lang='lat' dir='ltr'>trecentae</span> 
     </span>
     <span class='ocr_line' id='line_1_7' title="bbox 397 1102 879 1175; baseline 0.019 -10"><span class='ocrx_word' id='word_1_26' title='bbox 397 1102 573 1167; x_wconf 85' lang='lat' dir='ltr'>Pirithoum</span> <span class='ocrx_word' id='word_1_27' title='bbox 589 1104 735 1170; x_wconf 85' lang='lat' dir='ltr'>cohibent</span> <span class='ocrx_word' id='word_1_28' title='bbox 749 1122 879 1175; x_wconf 74' lang='lat' dir='ltr'>catena.</span> 
     </span>
    </p>
   </div>
   <div class='ocr_carea' id='block_1_3' title="bbox 597 1392 959 1412">
    <p class='ocr_par' dir='ltr' id='par_1_3' title="bbox 597 1392 959 1412">
     <span class='ocr_line' id='line_1_8' title="bbox 597 1392 959 1412; baseline 0 0"><span class='ocrx_word' id='word_1_29' title='bbox 597 1392 959 1412; x_wconf 43' lang='grc' dir='ltr'><strong>’.Ἃ-.-</strong></span> 
     </span>
    </p>
   </div>
   <div class='ocr_carea' id='block_1_4' title="bbox 576 1609 950 1702">
    <p class='ocr_par' dir='ltr' id='par_1_4' title="bbox 576 1609 950 1702">
     <span class='ocr_line' id='line_1_9' title="bbox 576 1609 950 1702; baseline 0.016 -26"><span class='ocrx_word' id='word_1_30' title='bbox 576 1609 674 1679; x_wconf 88' lang='lat' dir='ltr'>ODE</span> <span class='ocrx_word' id='word_1_31' title='bbox 698 1615 738 1678; x_wconf 90' lang='lat' dir='ltr'>V.</span> <span class='ocrx_word' id='word_1_32' title='bbox 784 1612 836 1692; x_wconf 84' lang='lat' dir='ltr'>(n.</span> <span class='ocrx_word' id='word_1_33' title='bbox 862 1622 950 1702; x_wconf 80' lang='lat' dir='ltr'>xix).</span> 
     </span>
    </p>
   </div>
   <div class='ocr_carea' id='block_1_5' title="bbox 289 1820 941 4253">
    <p class='ocr_par' dir='ltr' id='par_1_5' title="bbox 289 1820 941 4253">
     <span class='ocr_line' id='line_1_10' title="bbox 307 1820 913 1884; baseline 0.002 -1"><span class='ocrx_word' id='word_1_34' title='bbox 307 1821 409 1884; x_wconf 77' lang='lat' dir='ltr'>Coeno</span> <span class='ocrx_word' id='word_1_35' title='bbox 424 1833 579 1884; x_wconf 82' lang='lat' dir='ltr'>tonantem</span> <span class='ocrx_word' id='word_1_36' title='bbox 597 1820 784 1884; x_wconf 82' lang='lat' dir='ltr'>credidimus</span> <span class='ocrx_word' id='word_1_37' title='bbox 799 1821 823 1883; x_wconf 83' lang='lat' dir='ltr'><strong>J</strong></span> <span class='ocrx_word' id='word_1_38' title='bbox 825 1841 913 1884; x_wconf 89' lang='lat' dir='ltr'>ovem</span> 
     </span>
     <span class='ocr_line' id='line_1_11' title="bbox 306 1920 929 2005; baseline -0.002 -20"><span class='ocrx_word' id='word_1_39' title='bbox 306 1922 470 2005; x_wconf 77' lang='lat' dir='ltr'><strong>Regnare:</strong></span> <span class='ocrx_word' id='word_1_40' title='bbox 495 1942 630 2005; x_wconf 84' lang='lat' dir='ltr'>praesens</span> <span class='ocrx_word' id='word_1_41' title='bbox 646 1921 750 1984; x_wconf 92' lang='lat' dir='ltr'>Divus</span> <span class='ocrx_word' id='word_1_42' title='bbox 765 1920 929 1986; x_wconf 81' lang='lat' dir='ltr'>habebitur</span> 
     </span>
     <span class='ocr_line' id='line_1_12' title="bbox 350 2021 845 2107; baseline -0.004 -22"><span class='ocrx_word' id='word_1_43' title='bbox 350 2025 523 2107; x_wconf 81' lang='lat' dir='ltr'>Augustus,</span> <span class='ocrx_word' id='word_1_44' title='bbox 539 2023 668 2106; x_wconf 72' lang='lat' dir='ltr'>adjectis</span> <span class='ocrx_word' id='word_1_45' title='bbox 685 2021 845 2084; x_wconf 88' lang='lat' dir='ltr'>Britannis</span> 
     </span>
     <span class='ocr_line' id='line_1_13' title="bbox 394 2123 899 2210; baseline 0.002 -21"><span class='ocrx_word' id='word_1_46' title='bbox 394 2124 542 2210; x_wconf 86' lang='lat' dir='ltr'>Imperio,</span> <span class='ocrx_word' id='word_1_47' title='bbox 557 2124 766 2209; x_wconf 80' lang='lat' dir='ltr'>gravibusque</span> <span class='ocrx_word' id='word_1_48' title='bbox 782 2123 899 2190; x_wconf 88' lang='lat' dir='ltr'>Persis.</span> 
     </span>
     <span class='ocr_line' id='line_1_14' title="bbox 305 2226 855 2313; baseline -0.004 -19"><span class='ocrx_word' id='word_1_49' title='bbox 305 2228 441 2294; x_wconf 89' lang='lat' dir='ltr'>Milesne</span> <span class='ocrx_word' id='word_1_50' title='bbox 458 2228 562 2293; x_wconf 78' lang='lat' dir='ltr'>Crassi</span> <span class='ocrx_word' id='word_1_51' title='bbox 578 2227 709 2313; x_wconf 77' lang='lat' dir='ltr'>conjuge</span> <span class='ocrx_word' id='word_1_52' title='bbox 723 2226 855 2292; x_wconf 81' lang='lat' dir='ltr'>barbaro</span> 
     </span>
     <span class='ocr_line' id='line_1_15' title="bbox 304 2329 889 2416; baseline -0.003 -20"><span class='ocrx_word' id='word_1_53' title='bbox 304 2331 425 2416; x_wconf 89' lang='lat' dir='ltr'>Turpis</span> <span class='ocrx_word' id='word_1_54' title='bbox 439 2332 567 2397; x_wconf 90' lang='lat' dir='ltr'>maritus</span> <span class='ocrx_word' id='word_1_55' title='bbox 583 2331 684 2395; x_wconf 85' lang='lat' dir='ltr'>vixit?</span> <span class='ocrx_word' id='word_1_56' title='bbox 707 2343 739 2394; x_wconf 91' lang='lat' dir='ltr'>ct</span> <span class='ocrx_word' id='word_1_57' title='bbox 753 2329 889 2394; x_wconf 92' lang='lat' dir='ltr'>hostium</span> 
     </span>
     <span class='ocr_line' id='line_1_16' title="bbox 347 2432 871 2519; baseline -0.004 -20"><span class='ocrx_word' id='word_1_58' title='bbox 347 2432 427 2512; x_wconf 84' lang='lat' dir='ltr'>(Pro</span> <span class='ocrx_word' id='word_1_59' title='bbox 438 2433 535 2511; x_wconf 90' lang='lat' dir='ltr'>curia,</span> <span class='ocrx_word' id='word_1_60' title='bbox 551 2435 727 2519; x_wconf 86' lang='lat' dir='ltr'>inversique</span> <span class='ocrx_word' id='word_1_61' title='bbox 743 2436 871 2512; x_wconf 80' lang='lat' dir='ltr'>moresll</span> 
     </span>
     <span class='ocr_line' id='line_1_17' title="bbox 389 2535 910 2614; baseline -0.002 -13"><span class='ocrx_word' id='word_1_62' title='bbox 389 2538 562 2602; x_wconf 86' lang='lat' dir='ltr'>Consenuit</span> <span class='ocrx_word' id='word_1_63' title='bbox 577 2558 750 2602; x_wconf 89' lang='lat' dir='ltr'>socerorum</span> <span class='ocrx_word' id='word_1_64' title='bbox 767 2535 799 2598; x_wconf 92' lang='lat' dir='ltr'>in</span> <span class='ocrx_word' id='word_1_65' title='bbox 816 2538 910 2614; x_wconf 90' lang='lat' dir='ltr'>arvis,</span> 
     </span>
     <span class='ocr_line' id='line_1_18' title="bbox 302 2622 941 2724; baseline 0 -21"><span class='ocrx_word' id='word_1_66' title='bbox 302 2639 369 2703; x_wconf 90' lang='lat' dir='ltr'>Sub</span> <span class='ocrx_word' id='word_1_67' title='bbox 384 2622 455 2724; x_wconf 80' lang='lat' dir='ltr'>roge</span> <span class='ocrx_word' id='word_1_68' title='bbox 472 2637 580 2719; x_wconf 60' lang='lat' dir='ltr'>Medo,</span> <span class='ocrx_word' id='word_1_69' title='bbox 597 2642 725 2704; x_wconf 88' lang='lat' dir='ltr'>Marsus</span> <span class='ocrx_word' id='word_1_70' title='bbox 740 2653 771 2703; x_wconf 90' lang='lat' dir='ltr'>et</span> <span class='ocrx_word' id='word_1_71' title='bbox 788 2641 941 2724; x_wconf 86' lang='lat' dir='ltr'>Appulus,</span> 
     </span>
     <span class='ocr_line' id='line_1_19' title="bbox 302 2740 864 2822; baseline -0.007 -17"><span class='ocrx_word' id='word_1_72' title='bbox 302 2740 512 2817; x_wconf 84' lang='lat' dir='ltr'>Anciliorum‚</span> <span class='ocrx_word' id='word_1_73' title='bbox 528 2754 559 2804; x_wconf 90' lang='lat' dir='ltr'>et</span> <span class='ocrx_word' id='word_1_74' title='bbox 574 2742 719 2817; x_wconf 91' lang='lat' dir='ltr'>nominis,</span> <span class='ocrx_word' id='word_1_75' title='bbox 736 2756 767 2804; x_wconf 89' lang='lat' dir='ltr'>et</span> <span class='ocrx_word' id='word_1_76' title='bbox 784 2755 864 2822; x_wconf 83' lang='lat' dir='ltr'>togae</span> 
     </span>
     <span class='ocr_line' id='line_1_20' title="bbox 346 2841 820 2925; baseline -0.008 -19"><span class='ocrx_word' id='word_1_77' title='bbox 346 2841 485 2919; x_wconf 83' lang='lat' dir='ltr'>Oblitus,</span> <span class='ocrx_word' id='word_1_78' title='bbox 501 2854 688 2925; x_wconf 81' lang='lat' dir='ltr'>aeternoeque</span> <span class='ocrx_word' id='word_1_79' title='bbox 704 2843 820 2915; x_wconf 82' lang='lat' dir='ltr'>Vestae,</span> 
     </span>
     <span class='ocr_line' id='line_1_21' title="bbox 387 2940 932 3018; baseline -0.009 -10"><span class='ocrx_word' id='word_1_80' title='bbox 387 2943 542 3008; x_wconf 87' lang='lat' dir='ltr'>Incolumi</span> <span class='ocrx_word' id='word_1_81' title='bbox 558 2944 652 3018; x_wconf 85' lang='lat' dir='ltr'>Jove,</span> <span class='ocrx_word' id='word_1_82' title='bbox 668 2955 699 3006; x_wconf 91' lang='lat' dir='ltr'>et</span> <span class='ocrx_word' id='word_1_83' title='bbox 713 2940 789 3004; x_wconf 93' lang='lat' dir='ltr'>urbe</span> <span class='ocrx_word' id='word_1_84' title='bbox 806 2941 932 3003; x_wconf 86' lang='lat' dir='ltr'>Roma?</span> 
     </span>
     <span class='ocr_line' id='line_1_22' title="bbox 299 3041 900 3131; baseline -0.013 -20"><span class='ocrx_word' id='word_1_85' title='bbox 299 3048 373 3111; x_wconf 88' lang='lat' dir='ltr'>Hoc</span> <span class='ocrx_word' id='word_1_86' title='bbox 388 3060 510 3112; x_wconf 89' lang='lat' dir='ltr'>caverat</span> <span class='ocrx_word' id='word_1_87' title='bbox 525 3066 611 3110; x_wconf 91' lang='lat' dir='ltr'>mens</span> <span class='ocrx_word' id='word_1_88' title='bbox 626 3043 756 3131; x_wconf 90' lang='lat' dir='ltr'>provida</span> <span class='ocrx_word' id='word_1_89' title='bbox 771 3041 900 3126; x_wconf 86' lang='lat' dir='ltr'>Reguli,</span> 
     </span>
     <span class='ocr_line' id='line_1_23' title="bbox 298 3146 856 3223; baseline -0.011 -9"><span class='ocrx_word' id='word_1_90' title='bbox 298 3148 521 3215; x_wconf 85' lang='lat' dir='ltr'>Dissentieutis</span> <span class='ocrx_word' id='word_1_91' title='bbox 536 3146 766 3213; x_wconf 90' lang='lat' dir='ltr'>conditionibus</span> <span class='ocrx_word' id='word_1_92' title='bbox 853 3216 856 3223; x_wconf 50' lang='lat'>‚</span> 
     </span>
     <span class='ocr_line' id='line_1_24' title="bbox 340 3248 819 3334; baseline -0.006 -18"><span class='ocrx_word' id='word_1_93' title='bbox 340 3252 462 3329; x_wconf 86' lang='lat' dir='ltr'>Foedis,</span> <span class='ocrx_word' id='word_1_94' title='bbox 478 3268 510 3318; x_wconf 93' lang='lat' dir='ltr'>et</span> <span class='ocrx_word' id='word_1_95' title='bbox 525 3250 669 3334; x_wconf 88' lang='lat' dir='ltr'>exemplo</span> <span class='ocrx_word' id='word_1_96' title='bbox 685 3248 819 3314; x_wconf 82' lang='lat' dir='ltr'>trahenti</span> 
     </span>
     <span class='ocr_line' id='line_1_25' title="bbox 383 3352 884 3425; baseline -0.006 -6"><span class='ocrx_word' id='word_1_97' title='bbox 383 3355 556 3420; x_wconf 89' lang='lat' dir='ltr'>Pemicicm</span> <span class='ocrx_word' id='word_1_98' title='bbox 572 3352 698 3417; x_wconf 90' lang='lat' dir='ltr'>veniens</span> <span class='ocrx_word' id='word_1_99' title='bbox 712 3353 744 3416; x_wconf 89' lang='lat' dir='ltr'>in</span> <span class='ocrx_word' id='word_1_100' title='bbox 761 3374 884 3425; x_wconf 84' lang='lat' dir='ltr'>aevum;</span> 
     </span>
     <span class='ocr_line' id='line_1_26' title="bbox 295 3455 819 3544; baseline 0 -24"><span class='ocrx_word' id='word_1_101' title='bbox 295 3458 329 3521; x_wconf 88' lang='lat' dir='ltr'>Si</span> <span class='ocrx_word' id='word_1_102' title='bbox 345 3480 407 3522; x_wconf 90' lang='lat' dir='ltr'>non</span> <span class='ocrx_word' id='word_1_103' title='bbox 422 3458 559 3544; x_wconf 86' lang='lat' dir='ltr'>perirent</span> <span class='ocrx_word' id='word_1_104' title='bbox 572 3455 819 3535; x_wconf 85' lang='lat' dir='ltr'>immiserabiles,</span> 
     </span>
     <span class='ocr_line' id='line_1_27' title="bbox 295 3553 912 3641; baseline -0.003 -21"><span class='ocrx_word' id='word_1_105' title='bbox 295 3555 431 3640; x_wconf 77' lang='lat' dir='ltr'>Captiva</span> <span class='ocrx_word' id='word_1_106' title='bbox 445 3557 552 3641; x_wconf 87' lang='lat' dir='ltr'>pubes.</span> <span class='ocrx_word' id='word_1_107' title='bbox 599 3553 696 3639; x_wconf 80' lang='lat' dir='ltr'>Signo</span> <span class='ocrx_word' id='word_1_108' title='bbox 710 3578 768 3640; x_wconf 84' lang='lat' dir='ltr'>ego</span> <span class='ocrx_word' id='word_1_109' title='bbox 785 3555 912 3621; x_wconf 86' lang='lat' dir='ltr'>Punicis</span> 
     </span>
     <span class='ocr_line' id='line_1_28' title="bbox 338 3656 758 3736; baseline 0.007 -15"><span class='ocrx_word' id='word_1_110' title='bbox 338 3656 445 3723; x_wconf 83' lang='lat' dir='ltr'>Affixa</span> <span class='ocrx_word' id='word_1_111' title='bbox 459 3658 610 3736; x_wconf 91' lang='lat' dir='ltr'>delubris,</span> <span class='ocrx_word' id='word_1_112' title='bbox 625 3673 657 3724; x_wconf 90' lang='lat' dir='ltr'>et</span> <span class='ocrx_word' id='word_1_113' title='bbox 672 3682 758 3724; x_wconf 88' lang='lat' dir='ltr'>arma</span> 
     </span>
     <span class='ocr_line' id='line_1_29' title="bbox 383 3759 846 3842; baseline 0.004 -18"><span class='ocrx_word' id='word_1_114' title='bbox 383 3759 543 3824; x_wconf 86' lang='lat' dir='ltr'>Militibus</span> <span class='ocrx_word' id='word_1_115' title='bbox 560 3761 626 3824; x_wconf 91' lang='lat' dir='ltr'>sine</span> <span class='ocrx_word' id='word_1_116' title='bbox 641 3763 738 3840; x_wconf 77' lang='lat' dir='ltr'>crede,</span> <span class='ocrx_word' id='word_1_117' title='bbox 754 3762 846 3842; x_wconf 87' lang='lat' dir='ltr'>dixit,</span> 
     </span>
     <span class='ocr_line' id='line_1_30' title="bbox 292 3861 825 3946; baseline 0 -19"><span class='ocrx_word' id='word_1_118' title='bbox 292 3861 433 3946; x_wconf 86' lang='lat' dir='ltr'>Derepta</span> <span class='ocrx_word' id='word_1_119' title='bbox 447 3861 530 3926; x_wconf 89' lang='lat' dir='ltr'>vidi:</span> <span class='ocrx_word' id='word_1_120' title='bbox 556 3863 621 3926; x_wconf 91' lang='lat' dir='ltr'>vidi</span> <span class='ocrx_word' id='word_1_121' title='bbox 638 3887 696 3946; x_wconf 82' lang='lat' dir='ltr'>ego</span> <span class='ocrx_word' id='word_1_122' title='bbox 712 3865 825 3927; x_wconf 85' lang='lat' dir='ltr'>civium</span> 
     </span>
     <span class='ocr_line' id='line_1_31' title="bbox 289 3963 787 4049; baseline -0.004 -20"><span class='ocrx_word' id='word_1_123' title='bbox 289 3967 423 4030; x_wconf 87' lang='lat' dir='ltr'>Retorta</span> <span class='ocrx_word' id='word_1_124' title='bbox 439 3978 525 4049; x_wconf 85' lang='lat' dir='ltr'>tergo</span> <span class='ocrx_word' id='word_1_125' title='bbox 539 3963 665 4029; x_wconf 85' lang='lat' dir='ltr'>brachia</span> <span class='ocrx_word' id='word_1_126' title='bbox 679 3965 787 4041; x_wconf 88' lang='lat' dir='ltr'>libero,</span> 
     </span>
     <span class='ocr_line' id='line_1_32' title="bbox 332 4066 861 4151; baseline -0.002 -20"><span class='ocrx_word' id='word_1_127' title='bbox 332 4069 505 4151; x_wconf 89' lang='lat' dir='ltr'>Portasque</span> <span class='ocrx_word' id='word_1_128' title='bbox 520 4090 581 4131; x_wconf 91' lang='lat' dir='ltr'>non</span> <span class='ocrx_word' id='word_1_129' title='bbox 594 4066 724 4142; x_wconf 78' lang='lat' dir='ltr'>clausae,</span> <span class='ocrx_word' id='word_1_130' title='bbox 741 4079 772 4130; x_wconf 89' lang='lat' dir='ltr'>et</span> <span class='ocrx_word' id='word_1_131' title='bbox 788 4088 861 4130; x_wconf 87' lang='lat' dir='ltr'>arva</span> 
     </span>
     <span class='ocr_line' id='line_1_33' title="bbox 375 4168 849 4253; baseline -0.002 -21"><span class='ocrx_word' id='word_1_132' title='bbox 375 4171 480 4233; x_wconf 85' lang='lat' dir='ltr'>Marte</span> <span class='ocrx_word' id='word_1_133' title='bbox 497 4170 555 4232; x_wconf 91' lang='lat' dir='ltr'>coli</span> <span class='ocrx_word' id='word_1_134' title='bbox 572 4168 720 4253; x_wconf 90' lang='lat' dir='ltr'>populata</span> <span class='ocrx_word' id='word_1_135' title='bbox 736 4182 849 4232; x_wconf 89' lang='lat' dir='ltr'>nostro.</span> 
     </span>
    </p>
   </div>
   <div class='ocr_carea' id='block_1_6' title="bbox 0 0 1440 5010">
    <p class='ocr_par' dir='ltr' id='par_1_6' title="bbox 0 0 1440 5010">
     <span class='ocr_line' id='line_1_34' title="bbox 0 0 1440 5010; baseline 0 8"><span class='ocrx_word' id='word_1_136' title='bbox 0 0 1440 5010; x_wconf 95' lang='lat' dir='ltr'> </span> 
     </span>
    </p>
   </div>
  </div>
 </body>
</html>
