2872 5010
519 476 708 519 sannorum
734 475 801 518 nra.
826 475 865 518 11.
889 456 920 517 3.

226 625 343 688 Nescio
358 647 398 690 an
413 625 600 710 Anticyram
616 625 695 688 ratio
710 625 773 688 illis
789 625 925 690 destinet
938 647 1072 689 omnem.

226 723 379 791 Haeredes
396 728 520 793 Staberi
536 748 689 791 summam
704 727 842 792 incidere
857 727 1016 812 sepulcr03

226 827 270 890 Ni
285 828 329 891 sic
343 828 501 907 fecissent,
516 828 723 913 gladiatorum
739 830 813 893 dere
828 843 952 894 centum
1179 832 1223 894 85

226 929 376 995 Damnati
391 931 506 1015 populo
521 930 618 1015 paria,
634 944 727 1015 atque
743 932 881 1015 epulum,
896 932 1024 997 arbitrio
1041 929 1136 1005 Arri,

227 1033 390 1097 Frumenti
405 1035 554 1119 quantum
571 1032 660 1096 metit
675 1032 796 1098 Africa·
842 1032 918 1098 Sive
933 1056 991 1118 ego
1004 1055 1119 1118 prave,

228 1134 289 1198 Seu
304 1149 397 1210 recte,
413 1135 472 1200 hoc
487 1135 591 1213 volui;
614 1156 654 1198 ne
669 1133 711 1198 sis
725 1148 854 1218 patruus
870 1135 959 1199 mibi.
1005 1136 1108 1200 Credo

228 1236 302 1299 Hoc
320 1239 442 1302 Staberi
456 1238 640 1322 prudentem
656 1237 792 1300 animum
810 1236 935 1301 vidisse.
981 1238 1066 1316 Quid
1082 1260 1155 1322 ergo

228 1336 343 1413 Sensit,
359 1360 429 1402 cum
446 1360 595 1402 summam
612 1338 779 1421 patrimoni
795 1338 968 1424 insculpere
983 1362 1057 1404 saxo
1104 1395 1106 1399 ,
1179 1343 1223 1409 90

227 1439 378 1503 Haeredes
394 1440 517 1503 voluit?
541 1440 652 1517 Quoad
668 1440 760 1514 vixit,
776 1440 907 1504 credidit
922 1426 1031 1525 ingens

227 1539 411 1624 Pauperiem
428 1541 551 1617 vitium,
568 1553 599 1604 et
614 1541 698 1604 cavit
711 1539 792 1604 nihil
807 1540 927 1618 acrius;
950 1555 986 1604 ut
1001 1542 1026 1604 si

227 1642 323 1705 Forte
338 1643 442 1706 minus
458 1642 596 1726 locuples
611 1663 673 1704 uno
688 1641 859 1726 quadrante
873 1643 1015 1725 perisset,

229 1744 302 1825 lpse
319 1744 475 1807 videretur
490 1743 549 1806 sibi
565 1742 711 1826 nequior:
737 1741 837 1805 omnis
851 1743 932 1805 enim
949 1765 1008 1820 res,

228 1843 347 1919 Virtus,
362 1843 456 1918 fama,
472 1843 578 1920 decus,
595 1842 702 1906 divina
716 1841 912 1930 humanaque
926 1844 1065 1929 pulchris
1180 1851 1224 1918 95

228 1945 361 2008 Divitiis
376 1958 503 2030 parent3
525 1967 601 2030 quas
616 1945 671 2030 qui
685 1947 892 2028 contraxerit,
901 1947 956 2034 ille
1039 2010 1042 2016 .

227 2047 339 2111 Clarus
354 2049 423 2124 erit,
439 2048 539 2124 fortis,
550 2048 895 2133 justus-Sapiensne?
915 2049 1046 2118 Etiam!
1070 2064 1102 2115 et
1115 2073 1189 2128 rex„

227 2152 272 2214 Et
287 2151 433 2235 quicquid
448 2151 541 2213 volet.
586 2150 671 2226 Hoc,
687 2150 786 2214 veluti
801 2151 917 2215 virtute
931 2166 1086 2236 paratum,

228 2254 371 2335 Speravit
385 2274 508 2335 magnae
522 2251 607 2314 laudi
622 2249 697 2314 fore.
743 2251 829 2327 Quid
843 2252 944 2316 simile
958 2252 1010 2315 isti

228 2352 360 2416 Graecus
374 2352 564 2435 Aristippus,
579 2350 631 2434 qui
648 2372 751 2414 servos
766 2352 915 2435 projicere
929 2375 1037 2416 aurum
1162 2356 1226 2421 100

229 2454 269 2516 ln
285 2454 388 2517 media
397 2453 493 2536 jussit
510 2452 627 2535 Libya,
645 2452 946 2536 qniatardiusirent

229 2559 361 2639 Propter
376 2576 454 2616 onus
469 2557 601 2636 segnes?
625 2567 694 2617 uter
709 2567 756 2617 est
769 2554 905 2619 insanior
920 2555 1054 2629 horum?

229 2658 284 2720 Nil
300 2656 365 2741 agit
381 2656 567 2739 exemplum,
584 2656 669 2719 litem
685 2658 768 2741 quod
784 2656 838 2720 lite
851 2659 986 2722 resolvit.
1066 2675 1070 2678 ’

229 2757 333 2842 Siquis
348 2771 430 2821 emat
444 2757 589 2835 citharas,
605 2772 724 2842 emptas
739 2772 909 2842 comportet
923 2761 1081 2838 iu-uuuru,

228 2861 259 2922 N
262 2882 297 2922 ec
310 2859 413 2922 studio
428 2858 556 2923 citharae
571 2882 627 2923 nec
643 2862 748 2922 Musae
763 2859 888 2923 deditus
901 2858 980 2940 ulli;
1162 2866 1223 2928 105

228 2960 261 3023 Si
277 2961 396 3044 scalpra
411 2974 442 3023 et
457 2960 581 3037 formas,
597 2984 658 3024 non
675 2975 779 3039 sutor3
801 2962 926 3026 nautica
941 2963 1020 3040 vela,

227 3064 363 3126 Aversus
379 3063 574 3126 mercaturis:
600 3048 719 3126 delirus
730 3076 761 3126 et
775 3084 881 3127 amens

228 3165 377 3248 Undique
392 3163 513 3227 dicatur
529 3165 648 3227 merito.
694 3165 757 3241 Qut
771 3165 925 3248 discrepat
940 3165 1017 3242 istis,

228 3264 290 3342 Qui
305 3261 447 3328 nummos
462 3287 632 3348 aurumque
647 3264 798 3341 recondit,
814 3266 935 3329 nescius
950 3266 996 3329 uti

229 3366 427 3449 Compositis,
452 3381 652 3450 metnensque
668 3367 754 3430 velut
769 3367 948 3451 contingere
961 3373 1105 3433 sacrum?
1161 3372 1225 3434 110

229 3467 332 3552 Siquis
347 3468 386 3537 ed
401 3467 557 3551 ingentem
573 3469 719 3532 frumenti
735 3490 855 3552 semper
870 3492 1011 3533 acervum

228 3571 393 3632 Porrectus
409 3568 528 3653 vigilet,
544 3591 614 3632 cum
630 3571 723 3654 longo
737 3570 820 3633 fuste
829 3597 838 3648 ;
861 3593 961 3656 neque
974 3572 1061 3636 illinc

228 3671 352 3734 Audeat
366 3669 503 3734 esuriens
518 3672 662 3734 dominns
677 3672 856 3756 contingere
868 3695 1011 3755 granum,

227 3773 274 3833 Ac
288 3771 393 3856 potius
407 3771 490 3835 foliis
505 3793 616 3854 parcus
632 3786 773 3836 vescatur
787 3774 917 3852 amaris:

229 3871 261 3934 Si
277 3871 386 3954 positis
400 3872 485 3936 intus
502 3871 576 3935 Cbii
591 3873 764 3958 veterisque
777 3875 903 3939 Falerni
916 3925 919 3932 .
1161 3879 1226 3942 115

229 3973 322 4037 Mille
337 3973 544 4038 cadis-nihil
559 3987 623 4037 est:
650 3988 820 4039 tercentum
836 3977 986 4055 millibus,
996 3999 1070 4062 acre

229 4075 322 4138 Potet
336 4090 474 4140 acetum:
500 4098 568 4159 age,
584 4077 609 4139 si
625 4091 657 4140 et
672 4079 848 4142 stramentis
864 4079 999 4154 incubet,
1016 4077 1114 4162 unde·

230 4176 397 4259 Octoginta
412 4199 508 4241 annos
523 4191 626 4254 natus,
643 4179 691 4242 cui
708 4181 845 4262 stragula
861 4177 966 4253 vestis,
993 4207 999 4216 ·
1036 4263 1039 4267 ,
