2872 5010
470 485 657 529 csauruuar
684 487 748 528 urs.
771 485 826 528 111.
851 467 900 529 18.

236 640 375 700 Auctore
390 636 429 699 ab
444 635 498 698 iilo
513 636 600 699 ducit
615 635 793 720 originem)

234 738 296 815 Qui
312 736 502 801 Formiarum
518 736 633 801 moenia
646 736 761 802 dicitur

278 838 438 921 Princeps,
453 851 486 902 et
499 839 659 902 innantem
671 836 803 902 Maricae

320 941 493 1006 Litteribus
509 940 646 1005 terruisse
661 940 761 1004 Lirim
801 967 804 972 ·

234 1046 313 1109 Late
325 1056 485 1127 tyrannus,
501 1064 567 1107 cras
581 1041 664 1107 foliis
679 1063 787 1107 nemus

235 1146 348 1210 Multis
363 1159 394 1210 et
409 1144 480 1229 alga
494 1145 582 1208 littus
596 1144 701 1209 inutili

276 1246 420 1311 Demissa
435 1258 600 1329 tempestas
615 1247 654 1310 ab
668 1247 757 1310 Euro

321 1350 455 1424 Sternet,
470 1368 558 1432 uquae
573 1346 633 1410 nisi
647 1347 729 1411 fallit
743 1369 851 1430 augur·

235 1451 366 1511 Annosa
379 1446 495 1511 cornix.
539 1448 626 1510 Dum
641 1446 734 1529 potis,
750 1447 870 1512 aridum

235 1553 396 1633 Compone
411 1548 546 1632 lignum:
570 1569 637 1610 cras
652 1547 777 1630 genium
794 1569 877 1612 mero

278 1649 422 1727 Curubis,
434 1663 466 1713 et
481 1670 572 1732 porco
587 1647 737 1726 bimestri,

322 1755 403 1816 Cum
419 1750 543 1816 famulis
558 1767 686 1834 operum
700 1749 818 1814 solutis.

438 2102 534 2165 ODE
559 2100 694 2166 XVIII.
742 2099 795 2178 (ar.
819 2106 936 2184 xvrrr.)

572 2292 619 2334 An
643 2289 802 2336 Faunum.

238 2441 377 2517 Pauus,
388 2441 606 2525 Nympharum
620 2439 796 2524 fugientum
811 2454 940 2519 emawr,

239 2544 301 2606 Per
315 2563 399 2607 meos
410 2543 487 2609 fines
502 2557 534 2609 et
548 2543 653 2630 aprica
667 2563 745 2607 rnre
866 2570 869 2575 ·

238 2643 335 2708 Lenis
349 2643 484 2724 incedas,
499 2647 650 2731 abeasque
663 2644 766 2729 parvis

366 2748 491 2831 AEquus
505 2749 655 2813 alumnis:

239 2847 272 2911 Si
288 2861 374 2911 tener
388 2847 480 2932 pleno
495 2850 579 2914 cadit
593 2849 707 2913 hoedus
720 2869 813 2926 anno,

238 2950 343 3035 Larga
357 2971 414 3014 nec
429 2951 540 3015 desunt
557 2951 685 3016 Veneris
700 2950 797 3016 sodali

224 3051 319 3115 .Vina
335 3065 480 3126 craterae;
506 3067 595 3118 vetus
609 3076 662 3118 sm
678 3053 777 3118 multo

366 3153 479 3218 Fumat
493 3155 596 3219 odore.

239 3253 340 3317 Ludit
355 3252 486 3319 herboso
501 3279 595 3339 pecus
611 3279 701 3322 omns
716 3279 835 3341 campo,

240 3357 321 3418 Cum
338 3355 394 3418 tibi
411 3358 511 3421 Nonae
527 3360 660 3424 redeunt
674 3360 882 3425 Decembres:

240 3456 353 3520 Festus
368 3457 400 3521 in
415 3459 511 3542 pratis
527 3474 615 3529 vacat
630 3461 728 3528 otioso

231 3588 233 3595 ·
368 3562 450 3623 Cum
467 3562 544 3626 bove
558 3584 670 3647 pagus:

241 3663 330 3725 Inter
344 3661 476 3726 audaces
491 3663 584 3746 lupus
599 3679 681 3729 errat
695 3686 805 3748 agnos:

241 3762 368 3845 Spargit
382 3775 518 3846 agrestes
533 3762 589 3827 tibi
605 3761 682 3826 silva
696 3764 837 3830 frondes:

242 3863 369 3928 Gaudet
384 3861 516 3927 invisum
532 3863 690 3948 pepulisse
698 3865 798 3932 fossor

373 3965 440 4031 Ter
454 3964 533 4048 pede
549 3978 669 4030 terram.
