2872 5010
286 451 351 513 232
613 471 644 517 e.
664 469 812 512 uonnrrr
838 469 960 511 rtrrccr

288 622 361 685 Hac
375 621 497 685 rabiosa
512 619 594 704 fugit
608 620 703 696 canis,
718 619 776 684 hac
791 619 944 683 lutulenta
959 618 1021 682 ruit
1036 640 1104 681 sus:
1239 617 1284 700 75
1367 661 1368 664 =

290 728 306 791 I
323 750 418 805 nunc,
434 742 465 792 et
481 749 586 792 versus
602 740 702 791 tecum
719 727 869 790 meditare
884 748 1018 790 canoros.

289 829 480 913 Scriptorum
496 828 607 892 chorus
623 829 722 891 omnis
737 844 820 893 amat
835 851 954 905 nemus,
971 843 1002 892 et
1016 828 1098 912 fugit
1113 828 1206 892 urbes

289 931 365 995 Rite
379 932 476 994 cliens
491 928 620 1007 Bacchi,
637 951 743 993 somno
757 931 921 1014 gaudentis
936 944 967 994 ct
978 932 1106 994 umbra:

288 1034 342 1096 Tu
358 1055 407 1095 me
422 1033 503 1095 inter
518 1032 663 1114 strepitus
679 1044 845 1094 nocturnos
861 1046 953 1114 atque
969 1031 1098 1094 diurnos

287 1133 342 1195 Vis
357 1155 476 1210 cancre,
492 1147 522 1195 et
538 1145 694 1195 contracta
709 1132 794 1214 sequi
811 1131 941 1213 vestigia
958 1133 1087 1195 vatum?
1232 1136 1279 1196 80

288 1235 467 1318 Ingenium,
483 1234 540 1296 sibi
556 1234 638 1317 quod
654 1254 767 1296 vacuas
782 1232 932 1295 desumsit
949 1233 1106 1309 Athenas,

286 1338 331 1399 Et
345 1335 456 1398 studiis
471 1355 567 1398 annos
583 1348 700 1418 septem
717 1334 814 1408 dedit,
830 1335 1027 1420 insenuitque

286 1436 392 1525 Libris
407 1450 438 1500 et
454 1437 546 1513 curis,
562 1451 664 1500 statua
679 1437 863 1500 taciturnius
878 1438 942 1500 exit

284 1539 484 1624 Plerumque,
500 1553 531 1603 et
546 1539 610 1602 risu
625 1539 774 1624 populum
791 1542 908 1625 quatit:
934 1539 985 1604 hic
1000 1563 1057 1624 ego
1073 1564 1174 1607 rerum

284 1641 450 1704 Fluctibus
465 1641 496 1703 in
513 1641 635 1717 mediis,
652 1656 682 1703 et
699 1643 932 1725 tempestatibus
948 1643 1043 1718 urhis,
1235 1653 1280 1714 85

283 1744 386 1807 Verba
401 1744 478 1827 lyrae
493 1758 613 1837 motura
627 1765 735 1806 sonum
752 1760 933 1809 connectere
948 1745 1082 1829 digner?

282 1847 391 1910 Frater
405 1861 471 1910 erat
487 1848 598 1909 Romae
614 1846 746 1909 consulti
760 1845 875 1925 rhetor,
892 1862 928 1911 ut
943 1848 1021 1912 alter

283 1947 422 2012 Alterius
438 1970 577 2011 sermone
592 1970 691 2010 meros
707 1948 828 2011 audiret
844 1948 994 2022 honorea;

282 2049 446 2115 Gracchus
461 2061 496 2112 ut
512 2048 564 2111 hic
579 2049 625 2110 illi
640 2050 731 2125 foret,
748 2049 821 2113 huic
835 2066 870 2113 ut
887 2051 1016 2114 Mucius
1032 2052 1094 2116 ille.

282 2151 345 2231 Qui
360 2151 463 2214 minus
477 2163 603 2236 argutos
620 2165 711 2215 vexat
725 2152 811 2216 furor
825 2153 882 2215 iste
898 2154 1030 2237 poetas?
1231 2161 1275 2228 90

282 2253 429 2318 Carmina
445 2275 608 2338 compono,
624 2252 675 2317 hic
690 2255 808 2339 eleg0s3
834 2255 975 2319 mirabile
990 2256 1059 2321 visu

281 2356 497 2441 Caelatumque
511 2378 621 2420 novem
640 2358 745 2421 Musis
766 2380 854 2442 opus.
899 2358 1016 2442 Aspice
1031 2359 1177 2444 primunr,

280 2462 406 2537 Quanto
421 2480 491 2522 cum
506 2459 601 2536 fastu,
617 2472 733 2544 quanto
748 2460 905 2524 molimine
921 2460 1050 2524 circum-

281 2564 463 2646 Spectemua
478 2583 605 2624 vacuam
623 2561 775 2625 Romanis
791 2562 913 2626 vatibus
928 2562 1036 2625 aedem.

278 2666 358 2726 Mox
373 2664 477 2740 ctiam,
494 2664 518 2726 si
534 2664 614 2727 forte
630 2687 731 2741 vacas,
748 2686 884 2749 sequere,
900 2677 931 2727 et
946 2664 1052 2749 procul
1067 2666 1140 2729 audi
1229 2671 1273 2738 95

279 2766 363 2845 Quid
379 2764 466 2839 ferat,
483 2778 514 2828 et
528 2787 623 2848 quare
638 2767 695 2829 sibi
713 2781 815 2830 nectat
830 2780 959 2851 uterque
975 2788 1126 2830 coronam.

278 2867 447 2944 Caedimur,
465 2880 496 2929 ct
511 2867 640 2929 totidem
657 2869 758 2950 plagis
774 2870 982 2932 consumimus
997 2867 1129 2945 hostem,

278 2971 380 3034 Lento
398 2968 551 3033 Samnites
567 2968 606 3030 ad
622 2968 740 3032 lumina
755 2970 855 3052 prima
869 2970 983 3032 duello.

278 3072 415 3136 Discedo
430 3072 555 3136 Alcaeus
570 3085 686 3155 puncto
703 3071 805 3134 illius:
830 3071 883 3134 illc
898 3092 966 3135 meo
981 3073 1074 3157 quis?

277 3171 355 3247 Quis
370 3170 428 3233 nisi
447 3170 683 3234 Callimachus?
707 3170 731 3232 si
748 3170 818 3253 plus
834 3170 999 3254 adposcere
1021 3171 1116 3248 visus,
1204 3176 1267 3240 100

276 3272 328 3334 Fit
345 3272 564 3345 Mimnermus,
580 3285 612 3334 et
626 3272 732 3355 optivo
748 3273 932 3353 cognomine
947 3273 1066 3336 crescit.

274 3370 380 3433 Multa
394 3370 469 3446 tero,
486 3386 522 3434 ut
536 3372 653 3454 placem
670 3395 769 3455 genus
785 3373 934 3437 irritabile
950 3388 1067 3452 vatum,

274 3476 354 3537 Cum
371 3472 482 3551 scribo,
498 3489 530 3537 et
545 3475 676 3559 supplex
691 3474 798 3560 populi
815 3476 959 3561 suffragia
974 3491 1082 3563 capto:

274 3576 376 3653 Idem,
392 3575 488 3639 finitis
504 3577 625 3654 studiis,
642 3592 673 3643 et
689 3591 792 3643 mente
807 3592 941 3664 recepta,

271 3680 421 3744 Obturem
438 3681 560 3762 patulas
575 3681 702 3767 impune
717 3684 891 3767 legentibus
906 3706 1005 3747 aures·
1126 3754 1131 3761 ,
1200 3684 1263 3748 105

269 3780 427 3843 Ridentur
443 3781 523 3844 mela
544 3783 598 3866 qui
614 3799 803 3868 componunt
818 3786 970 3850 carmina:
995 3807 1101 3848 verum

270 3883 420 3946 Gaudent
435 3881 613 3960 scribentes,
630 3899 709 3948 etse
725 3901 919 3961 venerantur,
937 3902 967 3951 et
982 3887 1074 3964 ultro,

270 3984 305 4047 Si
322 3997 435 4058 taceas,
447 3982 576 4046 laudant
590 3984 746 4069 quidquid
763 3987 922 4069 scripsere,
939 3990 1030 4053 beati.

268 4089 311 4150 At
326 4086 378 4171 qui
393 4085 565 4169 legitimum
582 4087 686 4171 cupiet
701 4089 807 4152 fecisse
823 4096 942 4171 po‘ema,

268 4193 348 4253 Cum
367 4188 480 4252 tabulis
496 4189 631 4253 animum
649 4191 782 4254 censoris
798 4206 897 4256 sumet
913 4193 1056 4267 honesti;
1198 4195 1260 4258 110
