2872 5010
589 464 620 509 (l-
646 463 789 507 nomn
815 464 937 509 nutu}

514 704 610 767 ODE
636 703 706 767 111.
752 700 920 773 (norrun
946 705 1017 784 xv.)

309 900 354 940 nb
381 898 500 940 NAVEM
527 898 596 943 QUA
622 896 834 939 veneuntes
858 895 1033 937 tractulus
1058 894 1235 940 ursimus

639 982 890 1025 ruor'lclsCENs.

316 1140 373 1198 Sre
391 1152 433 1211 te,
449 1135 522 1198 divo
537 1148 647 1218 potens
663 1134 772 1218 Cypri,

356 1237 407 1299 Sic
422 1238 530 1300 fratres
545 1236 689 1313 Helenor,
705 1235 809 1299 lucida
825 1234 937 1311 sidera,

314 1332 543 1420 Ventorumque
557 1349 644 1420 regat
659 1347 758 1420 pater,

355 1437 520 1501 Obstrictis
534 1437 614 1514 aliis,
631 1452 743 1522 praeter
760 1436 894 1523 lapyga3

315 1540 423 1615 Navis,
439 1563 508 1625 quse
524 1541 580 1604 tibi
593 1542 743 1605 creditum

357 1643 461 1706 Debes
474 1643 652 1728 Virgilium,
669 1643 783 1707 linibus
799 1643 919 1708 Atticis

313 1746 442 1810 Reddas
458 1746 654 1823 incolumem,
670 1768 787 1830 precor,

356 1849 401 1912 Et
416 1871 518 1912 serves
533 1849 644 1913 animm
656 1850 819 1914 dimidium
836 1871 923 1912 meae.

313 1950 366 2015 llll
381 1952 474 2014 robur
484 1964 515 2014 et
530 1973 572 2012 aes
589 1950 699 2034 triplex

355 2056 448 2118 Circa
462 2068 570 2138 pectus
584 2067 661 2128 erat,
675 2052 728 2136 qui
744 2051 883 2134 fragilem
900 2053 978 2115 truci

314 2157 479 2222 Commisit
493 2157 604 2242 pelago
615 2170 711 2220 ratem

355 2262 493 2338 Primus,
507 2282 564 2324 nec
580 2260 684 2324 timuit
699 2257 888 2342 praecipitem
905 2257 1049 2320 Africum

315 2370 533 2432 Decertantem
551 2363 772 2449 Aquilonibus,

356 2469 425 2532 Nee
441 2467 543 2531 tristes
559 2466 703 2550 Hyadas,
720 2488 776 2530 nec
790 2465 903 2529 rabiem
921 2464 1021 2536 Noti;

312 2575 381 2648 Quo
396 2590 457 2631 non
473 2569 588 2632 arbiter
603 2569 709 2631 Adriae

353 2670 470 2753 Major,
488 2669 595 2732 tollere
610 2693 664 2733 seu
680 2692 793 2752 ponere
808 2670 875 2732 vult
890 2670 979 2735 freta.

312 2777 411 2850 Quem
428 2771 535 2833 mortis
550 2771 653 2833 timuit
667 2772 809 2853 gradum,

352 2871 414 2950 Qui
430 2871 519 2934 siccis
534 2871 631 2934 oeulis
646 2886 782 2934 monstra
797 2873 947 2949 natantia,

310 2976 371 3056 Qui
387 2973 467 3037 vidit
482 2994 565 3036 mare
582 2972 751 3049 turbidum,
767 2988 799 3036 et

353 3077 490 3144 lniames
505 3074 657 3159 scopulos,
673 3075 921 3142 Acroceraunio?

309 3181 522 3267 Nequicquam
539 3179 627 3242 Deus
642 3178 773 3244 abscidit

351 3285 493 3349 Prudens
508 3282 633 3345 Oceano
648 3281 835 3348 dissociabili

307 3388 433 3457 'Petram
449 3380 474 3444 si
491 3393 593 3443 tamen
608 3378 725 3462 impiae·

348 3487 421 3550 Non
437 3482 593 3567 tangenda
607 3496 687 3547 rates
702 3482 879 3546 transiliunt
890 3486 979 3549 vada.

306 3593 434 3657 Auonx
450 3584 552 3649 omnia
566 3585 686 3670 perpeti

267 3776 271 3781 η
349 3692 437 3757 Gens
453 3688 591 3754 humana
606 3689 668 3754 ruit
684 3713 738 3776 per
752 3690 881 3755 vetitum
898 3690 993 3756 nefas.

305 3795 423 3862 Audax
439 3792 540 3876 Iapeti
551 3815 651 3876 genus

348 3898 459 3981 Ignem
473 3893 583 3957 fraude
599 3895 679 3959 mala
694 3899 839 3980 gentibus
854 3900 978 3964 intulit:

306 4005 381 4067 l‘ost
397 4000 499 4083 ignem
512 3996 639 4061 aetberia
654 3997 745 4060 domo

347 4102 554 4173 Subductum,
570 4098 681 4163 nracics
697 4113 727 4162 et
744 4122 823 4164 nova
838 4101 969 4165 febrium

304 4208 412 4275 Terris
427 4203 566 4269 incubuit
583 4202 706 4275 cohors;
