2872 5010
501 814 540 885 Q
565 812 759 876 HORATII
782 809 946 873 FLACCI

411 979 1042 1077 SERMONUM

565 1206 689 1266 LIBER
711 1204 879 1264 PRIMUS.

658 1393 791 1406 t-

619 1525 790 1588 SATIRA
816 1526 844 1587 I.

231 1675 296 1750 Qui
313 1672 358 1751 fit,
374 1672 546 1748 Maecenas,
561 1684 597 1733 ut
612 1691 714 1747 nemo,
729 1692 820 1755 quam
838 1668 896 1734 sibi
911 1683 1022 1735 sortem

232 1777 296 1838 Seu
310 1769 409 1837 Ratio
421 1773 553 1848 dederit,
569 1794 623 1835 seu
639 1774 721 1835 Fors
735 1772 893 1856 objecerit,
907 1772 962 1836 illa

233 1875 407 1958 Contentus
422 1874 518 1950 vivat,
533 1874 640 1937 laudet
654 1873 776 1939 diversa
790 1879 977 1959 sequentes?

232 1977 278 2039 0!
302 1975 450 2040 fortunati
467 1990 661 2052 mercatores,
676 1975 781 2060 gravis
796 1975 885 2040 aunis

233 2079 329 2143 Miles
345 2080 398 2156 ait,
414 2078 513 2142 multo
522 2078 588 2164 jum
603 2077 719 2141 fractus
734 2079 870 2141 membra
884 2078 998 2144 labore.
1204 2085 1225 2147 ὅ

235 2182 351 2245 Contra
365 2194 525 2254 mercator,
540 2179 644 2242 navim
655 2178 847 2263 jactantibus
861 2181 985 2257 sustris,

234 2283 354 2345 Militia
368 2293 414 2344 est
428 2281 547 2365 potior:
572 2279 648 2364 quid
663 2278 772 2342 enim?
795 2280 1007 2344 concurritur:
1031 2281 1117 2346 horae

236 2385 400 2446 Memento
414 2381 476 2444 cits
490 2402 573 2442 murs
589 2379 686 2456 venit,
702 2391 757 2461 eut
772 2378 900 2443 victuris
914 2381 997 2447 laete.

188 2539 192 2543 ,
235 2483 418 2568 Agricolam
433 2482 541 2545 leudut
551 2481 632 2565 juris
653 2481 818 2566 legumque
832 2483 961 2567 peritus,

218 2602 221 2609 ’
237 2586 303 2650 Sub
317 2584 393 2669 galli
408 2598 532 2647 cantum
548 2583 703 2647 consultor
718 2582 771 2646 ubi
786 2583 864 2649 ustis
878 2585 992 2667 pulsnt.
1186 2585 1228 2654 10

236 2689 298 2752 Ille
312 2688 394 2752 datis
409 2687 539 2751 vadibus
553 2685 607 2770 qui
621 2707 691 2749 rure
705 2698 861 2749 extructus
874 2686 907 2749 in
922 2689 1029 2753 urbem
1044 2701 1101 2769 est,

237 2791 325 2854 Solos
339 2789 443 2853 felices
459 2789 600 2852 viventes
615 2787 727 2851 clamat
741 2786 773 2850 in
790 2787 873 2850 urbe,

237 2893 359 2955 Caeteru
373 2892 413 2954 de
426 2912 539 2975 genere
553 2889 612 2953 hoc
629 2885 720 2966 (adeo
735 2901 808 2952 sunt
822 2888 935 2972 multa)
951 2890 1108 2976 loquacem

236 2992 401 3056 Delassere
415 2991 520 3056 velent
535 2990 689 3055 Fabium:
713 3012 753 3054 ne
768 3005 799 3054 te
814 3012 924 3070 morer,
940 2993 1013 3056 audi

238 3096 308 3171 Quo
323 3115 387 3157 rem
402 3093 564 3157 deducam.
610 3093 644 3157 Si
658 3092 728 3178 quis
742 3093 830 3170 deus,
846 3095 898 3157 En
914 3115 983 3177 ego,
998 3094 1093 3171 dicct,
1186 3097 1228 3160 15

237 3195 260 3256 J
262 3217 311 3259 nm
326 3195 437 3259 faciam
451 3195 536 3280 quod
550 3194 664 3258 vultis:
689 3194 749 3258 cris
764 3209 810 3272 tu,
825 3195 879 3279 qui
894 3197 985 3259 modo
1000 3196 1099 3273 miles,

239 3297 414 3360 Mercator:
439 3309 485 3374 tu,
500 3296 662 3360 consultus
676 3297 768 3360 modo
781 3296 930 3361 rusticus:
955 3296 1029 3362 hinc
1043 3320 1109 3376 vos,

238 3401 302 3463 Vos
317 3399 390 3463 hinc
404 3401 533 3464 mutatis
549 3399 700 3464 discedite
715 3398 864 3483 pertibus.
909 3399 982 3484 Eju,

239 3501 324 3580 Quid
339 3501 455 3566 sutis?
477 3502 599 3566 Nolint.
644 3500 746 3586 Atqui
760 3499 833 3564 licet
846 3522 913 3564 csse
927 3501 1034 3565 beatis.

239 3603 323 3680 Quid
339 3625 440 3668 ceusae
455 3616 512 3682 est,
527 3603 637 3668 merito
651 3603 728 3688 quin
742 3602 804 3665 illis
818 3603 945 3686 Jupiter
959 3604 1064 3669 ambas
1187 3607 1230 3670 20
1304 3661 1310 3671 .

239 3706 343 3769 Iratus
357 3707 470 3770 buccas
483 3705 594 3770 inflet?
616 3726 715 3790 neque
730 3727 763 3769 se
776 3704 841 3768 fore
855 3704 984 3790 posthac

240 3807 322 3870 Tsm
336 3806 458 3871 lucilem
473 3808 567 3885 dicet,
584 3807 666 3871 votis
680 3818 716 3869 ut
730 3808 867 3891 praebeat
880 3811 1008 3871 aurem?

239 3909 405 3984 Prummu,
421 3931 460 3972 ue
475 3909 530 3986 sic,
545 3923 580 3972 ut
595 3908 648 3994 qui
658 3907 822 3993 jocularia,
837 3907 942 3972 ridens

239 4011 441 4086 Pcrcurrum;
465 4032 639 4096 quenquam
655 4010 806 4075 ridentem
821 4010 924 4074 dicere
937 4032 1044 4075 verum
1069 4049 1073 4057 ·

240 4113 325 4191 Quid
340 4116 450 4177 vetet?
472 4127 508 4177 ut
522 4112 626 4197 pueris
641 4112 714 4176 olim
729 4114 806 4177 daut
821 4113 958 4178 crustula
972 4112 1079 4178 blandi
1188 4116 1231 4179 25

1084 4218 1102 4259 n
