2872 5010
418 405 461 446 nn
487 405 579 446 Am
606 407 763 461 Pomm,
788 409 835 449 An
860 408 1009 450 monus.
1146 389 1211 456 249

217 552 350 629 Clamet,
368 552 406 615 lo
421 553 520 617 cives!
545 576 606 617 non
621 555 662 618 sit
677 556 731 639 qui
747 556 854 620 tollere
869 572 971 620 curet:
1146 557 1213 621 460

218 657 252 717 Si
266 666 353 717 curet
367 654 436 736 quis
448 676 535 738 opem
547 655 637 732 ferre,
654 670 684 719 et
700 658 861 721 demittere
875 657 995 735 sunem,

217 755 281 833 Qui
297 755 357 818 scis
372 777 411 818 an
427 757 563 839 prudens
580 756 641 820 huc
657 781 689 821 se
704 758 859 842 dejecerit,
876 774 969 843 atque

218 857 340 920 Servari
356 857 459 919 nolit?
483 857 596 935 dicam,
611 858 769 944 Siculique
783 862 885 943 posstae

219 960 359 1024 Narrabo
370 959 549 1023 interitum:
575 961 663 1023 Deus
678 961 859 1026 immortalis
873 961 980 1025 haberi

217 1060 304 1124 Dum
321 1061 407 1145 cupit
421 1062 639 1145 Empedocles,
656 1062 813 1126 ardentem
827 1063 959 1147 frigidus
972 1064 1103 1127 AEtnam
1148 1064 1212 1128 465

219 1162 364 1236 Insiluit;
388 1163 428 1227 sit
437 1164 492 1247 jus
506 1162 659 1246 liceatque
673 1163 773 1246 perire
784 1164 897 1248 pozzis:

220 1263 360 1328 Invitum
376 1265 430 1349 qui
443 1280 555 1340 servat,
572 1265 652 1327 idem
668 1264 744 1328 facit
759 1265 928 1330 occidenti:

218 1367 287 1431 Nec
302 1367 396 1430 semel
410 1366 470 1430 hoc
484 1367 575 1431 fecit:
601 1388 668 1440 nec,
684 1367 710 1428 si
724 1379 876 1431 retractus
890 1369 959 1444 erit,
971 1370 1038 1453 jam

220 1466 294 1531 Fiet
308 1466 413 1543 homo,
429 1481 460 1531 et
474 1483 568 1551 ponet
582 1467 708 1530 famosae
724 1468 831 1530 mortis
842 1490 987 1532 amorem.

219 1570 287 1632 Nec
302 1568 376 1632 satis
392 1582 524 1652 apparet
539 1591 594 1633 cur
610 1590 714 1632 versus
729 1567 865 1646 factitet3
887 1581 993 1631 utrum
1150 1570 1215 1652 470

220 1670 374 1734 Minxerit
388 1671 421 1733 in
436 1672 552 1755 patrios
567 1671 694 1746 cineres,
707 1692 746 1733 an
763 1670 850 1732 triste
865 1671 1001 1734 bidental

221 1772 360 1836 Moverit
374 1772 528 1845 incestus;
554 1788 635 1838 certe
649 1773 736 1850 furit,
750 1795 785 1836 ac
800 1773 885 1836 velut
900 1794 990 1835 ursus

221 1873 368 1957 Objectos
382 1896 485 1938 caveae
500 1875 599 1939 valuit
614 1875 639 1937 si
654 1875 794 1958 frangere
810 1873 955 1949 clathros,

222 1975 387 2039 Indoctum
404 1977 590 2060 doctumque
603 1976 693 2060 fugat
708 1976 850 2039 recitator
861 1974 1006 2038 acerbus:

222 2078 321 2154 Quem
338 2098 410 2140 vero
425 2076 565 2161 arripuit,
583 2091 666 2141 tenet
680 2077 853 2162 occiditque
867 2076 1010 2161 legendo,
1149 2074 1215 2155 475

223 2177 296 2240 Non
311 2178 441 2265 missura
455 2192 570 2255 cutem,
588 2179 647 2242 nisi
665 2179 756 2261 plena
770 2179 901 2256 cruoris,
912 2177 1036 2241 hirudo.
