2872 5010
271 459 313 521 18
593 475 623 521 a.
648 474 793 517 uossrrr
819 474 942 517 rancor

272 627 372 689 Terra
388 624 471 701 tulit,
488 646 587 708 neque
602 624 689 708 queis
703 644 753 688 me
768 624 809 687 sit
824 623 996 688 devinctior
1009 624 1095 689 alter.

272 723 371 812 oqui
387 725 586 809 complexus!
611 740 642 789 et
656 726 771 808 gaudia
786 738 902 810 quanta
915 722 1060 790 fuerunt!

272 829 327 892 Nil
342 851 400 912 ego
414 828 595 892 contulerim
607 828 748 911 jucundo
764 849 856 890 sanus
871 829 979 893 amico.

272 929 418 993 Proxima
434 930 593 1012 Campano
609 928 696 1011 ponti
711 950 781 1012 quae
796 928 915 1005 villula,
932 942 1047 994 tectum
1222 933 1266 994 ’ὦ

272 1029 431 1101 Praebuit3
456 1043 487 1092 et
502 1028 627 1114 parochi
642 1050 713 1114 quae
727 1030 841 1094 debent
855 1029 952 1114 ligna,
967 1031 1131 1117 salemque.

272 1132 360 1198 Hinc
375 1132 451 1195 muli
467 1133 587 1215 Capuae
602 1131 733 1194 clitellas
748 1144 886 1214 ternpore
899 1145 1029 1215 ponunt.

272 1235 392 1301 Lusum
408 1235 434 1297 it
451 1237 627 1305 Maecenas;
652 1232 818 1295 dormitum
835 1255 892 1317 ego
907 1233 1134 1319 virgiliusque:

273 1337 416 1420 Namque
430 1336 494 1419 pila
508 1335 602 1419 lippis
617 1333 776 1397 inimicum
792 1347 823 1397 et
838 1334 945 1399 ludere
959 1335 1073 1400 crudis.

272 1436 359 1501 Hinc
374 1459 430 1500 nos
446 1436 568 1501 Cocceii
584 1436 694 1519 recipit
707 1435 886 1519 plenissima
900 1436 985 1514 villa,
1222 1439 1269 1501 50

273 1540 352 1617 Quae
367 1562 458 1623 super
473 1554 519 1604 cst
535 1540 637 1604 Caudi
651 1560 814 1622 cauponas.
860 1540 955 1604 Nunc
970 1539 1046 1603 mihi
1062 1541 1168 1624 paucis

273 1641 427 1705 Sarmenti
442 1663 556 1704 scurras
570 1661 706 1725 pugnam
724 1642 882 1725 Messique
899 1641 1021 1719 Cicirri,

274 1737 381 1819 Musa,
398 1743 489 1806 velim
505 1764 673 1814 mentores3
699 1756 730 1805 et
745 1764 807 1826 quo
821 1755 909 1826 patre
923 1757 1015 1806 natus
1030 1755 1158 1828 uterque

274 1842 450 1906 Contulerit
463 1843 544 1907 lites.
590 1844 689 1906 Messi
703 1843 820 1906 clarum
835 1866 932 1926 genus
949 1845 1043 1917 Osci;

274 1944 427 2007 Sarmenti
442 1942 568 2005 domina
581 1957 691 2005 exstat.
736 1945 792 2006 Ab
806 1943 855 2006 his
871 1945 1037 2028 majoribus
1052 1946 1111 2009 orti
1223 1949 1266 2008 5⁵

272 2045 329 2107 Ad
342 2065 477 2128 pugnarn
494 2065 620 2107 venere:
646 2043 729 2126 prior
744 2041 937 2121 Sarmentus,
954 2045 1039 2129 Equi
1055 2060 1086 2109 te

273 2147 354 2210 Esse
367 2145 424 2209 feri
440 2144 569 2208 similem
586 2146 665 2210 dico.
712 2145 881 2209 llidemus:
906 2146 1019 2231 etipse

274 2248 422 2324 Messius,
439 2249 585 2333 Accipio;
611 2262 704 2334 caput
719 2262 750 2313 et
765 2264 886 2313 movet:
911 2252 952 2327 O,
968 2264 1022 2314 tua
1036 2272 1131 2315 cornu

274 2350 319 2415 Ni
332 2350 411 2415 foret
426 2365 548 2416 exsecto
563 2351 648 2416 frons
665 2350 796 2436 (iuquit)
813 2352 888 2437 quid
901 2351 1030 2430 laceres,
1045 2374 1114 2416 cum

275 2451 327 2517 Sic
342 2453 470 2516 mutilus
486 2453 658 2518 miniteris?
704 2455 752 2517 At
766 2453 812 2516 illi
827 2453 912 2517 foeda
927 2453 1053 2519 cicatrix
1223 2451 1268 2517 60

274 2551 414 2617 Setosam
431 2554 504 2616 laevi
518 2554 649 2618 frontem
667 2569 845 2638 turpaverat
858 2555 929 2618 oris.
1003 2622 1009 2633 ,

274 2654 468 2736 Campanum
484 2654 517 2715 in
532 2655 683 2731 morbum,
700 2654 855 2717 infaciem
872 2654 1026 2737 permulta
1035 2657 1170 2738 jocatus,

272 2752 431 2816 Pastorem
447 2751 571 2816 saltaret
587 2754 632 2816 uti
649 2753 788 2836 Cyclopa
802 2756 948 2837 rogabat;

272 2852 330 2917 Nil
343 2852 391 2914 illi
407 2851 491 2915 larva
505 2864 559 2914 aut
575 2852 719 2935 Tragicis
734 2873 811 2935 opus
825 2874 891 2916 esse
907 2851 1073 2916 cothurnis.

274 2952 381 3019 Multa
396 2951 532 3019 Cicirrus
547 2953 587 3016 ad
601 2951 680 3028 haec,
696 2952 840 3017 donbsset
849 2953 956 3037 jamne
971 2965 1109 3016 catenam
1223 2951 1268 3017 65

272 3057 326 3121 Ex
340 3068 413 3119 voto
428 3055 574 3132 Laribus,
588 3055 765 3139 quaerebat:
790 3054 889 3119 scriba
903 3052 986 3139 quod
1000 3066 1091 3130 esset,

273 3156 350 3222 Nilo
364 3156 499 3220 deterius
514 3156 649 3220 dominoe
657 3158 712 3242 jus
726 3177 801 3220 esse.
847 3156 994 3240 Rogabat

275 3257 431 3343 Denique,
447 3281 501 3322 cur
515 3280 650 3342 unquam
665 3258 814 3343 fugisset3
840 3258 891 3322 cui
906 3258 980 3322 satis
996 3280 1057 3321 una

275 3359 381 3422 Farris
395 3359 473 3423 libra
486 3359 575 3437 foret,
591 3359 700 3443 gracili
715 3360 770 3437 sic,
786 3372 910 3445 tamque
925 3360 1047 3444 pusillo.

275 3460 406 3524 Prorsus
415 3461 556 3545 juermde
570 3482 689 3526 coenam
705 3461 906 3545 produximus
921 3462 1016 3525 illam.
1222 3459 1268 3542 70

275 3561 450 3626 Tendimus
465 3561 539 3625 hinc
554 3575 637 3627 recta
651 3564 887 3637 Beneventum
912 3562 967 3626 ubi
982 3562 1107 3626 sedulus
1122 3561 1233 3646 hospes

273 3663 360 3727 Pene
374 3683 492 3727 macros
506 3663 581 3726 arsit
595 3664 669 3727 dum
685 3666 791 3728 turdos
807 3679 908 3730 versat
922 3664 956 3727 iu
970 3664 1060 3749 igne:

273 3764 356 3829 Nam
372 3785 452 3848 vaga
466 3787 521 3847 per
535 3777 669 3830 veterem
686 3766 806 3850 dilapso
819 3766 943 3830 flamma
958 3765 1092 3828 culinam

273 3865 424 3944 Vulcano,
440 3885 593 3928 summum
609 3871 792 3952 properabat
806 3870 941 3933 lambere
956 3878 1081 3930 tectum.

273 3965 430 4032 Convivas
445 3965 553 4030 avidos
567 3989 686 4032 coenam
702 3991 864 4056 servosque
881 3970 1023 4033 timentes
1223 3965 1267 4048 7⁵

275 4070 362 4133 Tum
376 4090 493 4153 rapere,
509 4082 602 4154 atque
616 4093 722 4135 omnes
736 4073 927 4156 restinguere
941 4069 1021 4134 velle
1036 4068 1166 4132 videres.

275 4171 393 4256 Incipit
407 4194 447 4236 ex
460 4171 514 4234 illo
529 4184 647 4237 montes
664 4172 801 4257 Appulia
816 4188 904 4238 notos
