2872 5010
422 491 465 533 ne.
489 489 578 532 narn
603 490 762 545 rosrrca,
787 490 833 532 ,ιιι
858 490 1006 534 meones.
1147 472 1210 553 237

217 642 320 728 Serpit
335 641 422 705 humi
438 655 525 705 tutus
539 641 668 705 nimium
683 666 691 719 ;
715 640 904 726 timidusque
919 641 1072 728 procellae.

215 745 280 818 Qui
297 744 414 809 variare
429 744 515 828 cupit
530 766 593 807 rem
610 743 824 828 prodigialiter
837 766 943 824 unam,

215 846 410 932 Delphinum
428 845 525 930 sylvis
539 845 693 929 appingit,
709 843 858 908 fluctibus
873 868 994 931 aprum.
1167 848 1210 909 30

218 950 257 1013 Ιιι
274 948 383 1011 vitium
399 947 485 1011 ducit
500 947 602 1031 culpae
616 947 702 1030 fuga,
719 946 745 1010 si
761 961 845 1011 caret
860 961 935 1012 arte.

216 1050 382 1114 AEmilium
396 1050 477 1115 circa
491 1050 599 1113 ludum
614 1049 700 1113 faber
713 1049 794 1113 imus
809 1063 840 1113 et
855 1070 975 1135 ungues

216 1152 396 1237 Exprimet,
412 1165 443 1217 et
458 1151 566 1216 molles
581 1151 754 1215 imitabitur
769 1174 830 1215 aere
844 1153 984 1238 capillos,

217 1254 337 1320 Infelix
353 1255 453 1339 operis
468 1276 600 1332 summa,
614 1254 687 1337 quia
701 1277 815 1337 ponere
830 1268 930 1318 totum

217 1357 362 1422 Nesciet:
386 1357 470 1420 hunc
486 1378 543 1439 ego
558 1376 619 1432 me,
634 1356 737 1438 siquid
753 1377 937 1439 componere
952 1378 1067 1430 curem,
1166 1358 1211 1421 35

217 1459 291 1523 Non
307 1458 407 1542 magis
421 1480 487 1521 esse
502 1456 607 1531 velim,
623 1477 715 1539 quam
731 1478 827 1539 pravo
841 1458 946 1522 rivere
959 1481 1045 1535 naso,

219 1559 430 1644 Spectandum
445 1557 542 1640 nigris
557 1556 655 1619 oculis
669 1556 820 1642 nigroque
835 1558 959 1642 capillo,

219 1661 340 1725 Sumite
355 1659 513 1723 materiam
531 1658 641 1722 vestris
655 1659 708 1744 qui
725 1657 858 1723 scribitis
873 1682 992 1746 aequam

221 1763 359 1838 Viribus,
376 1775 407 1825 et
422 1773 541 1824 versate
555 1760 611 1823 diu
625 1761 701 1846 quid
715 1761 796 1826 ferre
811 1774 963 1840 recusent,

220 1864 306 1943 Quid
322 1864 447 1927 valeant
460 1862 602 1926 humeri:
625 1863 675 1927 eui
691 1863 771 1927 lecta
784 1877 927 1947 potenter
941 1865 1072 1945 eritrea,

220 1967 288 2030 Nec
302 1965 447 2028 facundia
463 1965 582 2030 deseret
597 1964 692 2043 huuc,
708 1988 766 2030 nec
780 1965 903 2031 lucidus
918 1967 1003 2031 ordo.

219 2066 346 2131 Ordinis
361 2065 429 2130 haec
445 2066 543 2130 virtus
558 2067 616 2131 erit
632 2080 663 2132 et
674 2090 783 2145 venus,
799 2084 854 2134 aut
869 2091 928 2154 ego
943 2070 1045 2147 fallor,

218 2168 267 2232 Ut
276 2169 343 2253 jam
359 2190 442 2232 nunc
457 2168 552 2246 dicat,
563 2169 629 2253 jam
646 2191 729 2233 nunc
744 2170 890 2233 debentia
905 2170 966 2234 dici

218 2268 368 2355 Pleraque
383 2269 516 2346 differat,
533 2279 564 2334 et
575 2291 712 2354 praesens
728 2270 760 2333 in
777 2283 899 2354 tempus
914 2271 1047 2335 omittat.

220 2371 260 2434 ln
275 2371 376 2435 verbis
391 2371 482 2434 etiam
500 2370 601 2435 tenuis
617 2385 788 2456 cautusque
803 2373 958 2436 serendis:
1171 2376 1213 2436 te

219 2475 292 2539 Hoc
306 2488 399 2550 amet,
414 2473 474 2537 hoc
489 2486 614 2556 spernat
629 2473 771 2556 promissi
787 2473 934 2536 carminis
951 2487 1068 2540 auctor.

219 2577 345 2641 Dixeris
360 2575 494 2661 egregie,
511 2587 618 2638 uotum
635 2574 660 2636 si
676 2571 789 2637 callida
804 2574 932 2636 verbum

218 2679 406 2743 Reddiderit
415 2678 563 2762 junctura
578 2696 704 2738 novum.
751 2675 784 2738 Si
799 2675 878 2738 forte
893 2696 1016 2740 necesse
1029 2690 1076 2740 est

220 2779 351 2845 Iudiciis
367 2790 536 2841 monstrare
549 2777 724 2841 recentibus
736 2777 841 2841 abdita
854 2799 967 2855 rerum,

221 2883 357 2966 Fingere
372 2879 517 2944 cinctutis
532 2901 594 2942 non
610 2879 755 2943 exaudita
769 2879 918 2965 Cethegis
1169 2889 1216 2951 50

222 2984 412 3068 Continget;
437 2981 623 3065 dabiturque
637 2981 762 3045 licentia
777 2995 900 3065 sumpta
910 2983 1073 3066 pudenter.
1151 3025 1153 3029 ν

221 3086 267 3149 Et
282 3107 362 3149 nova
377 3084 508 3169 fictaque
522 3104 622 3167 nuper
635 3084 793 3145 habebunt
807 3082 901 3145 verba
915 3083 1021 3160 fidem,
1038 3085 1064 3147 si

222 3187 334 3251 Graeco
349 3185 434 3248 sonte
448 3185 572 3260 cadant,
587 3204 679 3266 parce
694 3182 833 3245 detorta:
856 3183 932 3267 quid
946 3196 1049 3249 autem

223 3286 352 3351 Caecilio
368 3284 542 3368 Plautoque
557 3282 645 3347 dabit
661 3283 833 3361 Romanus,
849 3285 1005 3351 ademtam

224 3387 356 3472 Virgilio
372 3385 551 3470 Varioque?
575 3407 633 3470 ego
647 3408 712 3465 cur,
729 3387 888 3472 acquirere
901 3410 1000 3473 pauca
1173 3401 1218 3462 55

225 3489 259 3553 Si
274 3511 411 3573 possum,
427 3488 579 3564 invideor,
595 3510 665 3552 cum
685 3489 793 3573 lingua
809 3490 937 3554 Catonis
953 3506 984 3556 et
1000 3494 1087 3556 Enni

224 3590 402 3655 Sermonem
417 3590 551 3674 patrium
567 3589 725 3666 ditaverit,
740 3603 771 3653 et
785 3612 867 3655 nova
882 3614 982 3655 rerum

225 3693 360 3756 Nomina
375 3689 557 3776 protulerit?
604 3690 725 3767 Licuit,
741 3713 921 3778 semperque
936 3693 1052 3774 licebit,

225 3793 391 3878 Signatum
406 3804 557 3876 praesente
571 3805 646 3855 trote
659 3795 829 3877 procudere
843 3818 966 3861 nomen.

224 3894 273 3961 Ut
287 3897 375 3961 silvae
388 3894 471 3959 foliis
485 3917 598 3980 pronos
613 3908 773 3960 mutantur
788 3897 821 3960 in
838 3919 953 3972 anuos;
1173 3904 1218 3968 60

226 4001 331 4064 Prima
346 3999 480 4063 cadunt:
505 3998 550 4062 ita
563 4000 725 4064 verborum
741 4012 831 4063 vetus
845 4000 951 4064 interit
966 4015 1053 4078 aetas,

226 4103 271 4166 Et
281 4104 433 4187 juvenum
450 4101 512 4164 ritu
528 4103 637 4168 florent
651 4104 743 4167 modo
758 4115 842 4178 nata,
854 4102 1032 4186 vigentque.

227 4203 388 4268 Debemur
402 4203 492 4268 morti
509 4226 564 4267 nos
579 4218 744 4288 nostraque
757 4230 765 4280 ;
791 4204 856 4266 sire
870 4217 1014 4287 receptus
