2872 5010
500 470 692 517 srruouuar
718 470 785 513 arr.
810 470 832 513 ι.
856 449 888 515 6.
1152 444 1191 511 dl

195 628 340 713 Namque
350 639 397 691 est
406 625 471 702 ille,
482 637 569 709 pater
577 622 661 708 quod
670 635 736 687 erat
745 642 842 685 meus
880 621 909 693 il
923 618 993 684 ll'oc
1004 618 1061 684 tibi
1070 619 1188 685 Paulus

196 731 242 793 Et
256 729 395 793 Messala
407 726 545 792 rideris?
591 727 639 789 At
652 722 716 801 hic,
732 722 758 786 si
773 722 890 808 plostra
904 723 1039 787 ducenta

196 831 451 914 Concurrautque
464 827 532 892 furo
549 827 610 892 tria
622 824 743 901 funera,
759 845 872 909 magna
885 824 1007 891 tonabit

197 933 322 994 Cornua
336 931 420 1016 quod
434 930 599 1015 vincatque
612 929 720 993 tubas:
744 926 853 991 saltem
868 938 953 991 tenet
967 925 1027 990 boo
1040 947 1107 991 uos.

197 1033 333 1102 ilNunc
347 1034 387 1097 ad
402 1054 451 1095 mc
466 1032 568 1109 redeo,
584 1029 729 1094 libertino
743 1041 831 1112 patre
844 1041 970 1094 namur:
1145 1028 1189 1091 lrb'

197 1135 297 1211 Quem
313 1134 428 1197 rodunt
441 1154 547 1196 omnes
557 1131 701 1196 libertino
715 1142 942 1215 patronatum:

199 1235 292 1297 Nunc
305 1234 379 1318 quia
394 1255 461 1297 sum
477 1232 545 1312 tibi,
557 1234 726 1311 Maecenas,
742 1233 917 1306 convictore
941 1244 974 1298 at
984 1231 1058 1296 olim

198 1335 291 1413 Quod
304 1335 381 1398 mihi
396 1347 517 1420 pareret
530 1335 613 1420 legio
629 1336 772 1399 Mmana
788 1334 920 1399 tribuno
965 1417 968 1423 ι
1052 1382 1058 1399 r

199 1436 359 1500 Dissimile
373 1435 432 1501 hoc
445 1436 492 1500 illi
507 1451 571 1501 est:
595 1437 668 1521 quia
682 1458 745 1502 nou
760 1449 796 1500 ut
809 1436 899 1500 forsit
911 1433 1059 1498 bonorem

195 1537 221 1598 J
225 1558 278 1600 ure
293 1535 370 1600 mihi
385 1536 524 1601 inrideat
537 1538 651 1621 quivis,
666 1538 712 1602 ita
725 1551 757 1601 te
770 1558 892 1622 quoquo
906 1535 1058 1610 amioumc
1146 1533 1191 1597 50

200 1635 379 1702 Praesertim
394 1651 520 1702 cautum
534 1637 646 1721 dignos
660 1659 824 1712 assumere,
839 1656 935 1722 prava

198 1739 379 1802 Ambitione
393 1739 511 1823 procul.
558 1739 696 1804 Felicem
712 1740 815 1805 dicere
828 1759 889 1802 nou
904 1736 965 1801 boc

202 1840 260 1902 Me
275 1860 410 1922 possum,
424 1861 499 1904 casrr
512 1840 597 1926 quod
612 1854 644 1904 te
658 1840 784 1905 sortitus
797 1840 946 1905 amicum:

203 1940 300 2004 Nulla
314 1941 428 2006 etenim
444 1941 521 2005 mibi
536 1955 567 2006 te
580 1943 644 2006 fors
657 1942 787 2007 obtulit:
811 1942 948 2026 optimus
961 1939 1035 2004 olim

204 2043 363 2127 Virgilius,
378 2058 448 2128 post
462 2044 546 2109 bunc
562 2045 684 2123 Varius,
698 2045 804 2109 dixere
816 2043 893 2130 quid
907 2063 1015 2108 essem
1150 2042 1194 2109 65

205 2144 251 2205 Ut
266 2144 462 2223 remearem,
478 2146 638 2232 siogrdtim
653 2167 752 2231 pauca
766 2146 888 2210 locutus

202 2243 330 2321 (lufaus
345 2269 478 2332 namque
493 2248 594 2332 pudor
608 2246 793 2330 prohibebat
807 2246 896 2330 plura
909 2245 1039 2331 profari)

205 2349 277 2411 Non
293 2371 351 2432 ego
366 2370 416 2411 me
431 2349 512 2412 claro
526 2361 635 2414 nomm
649 2360 750 2432 patre,
765 2368 828 2411 uon
844 2367 902 2433 ego
916 2348 1031 2412 circum

206 2451 263 2514 Me
280 2448 463 2513 Satureiano
477 2450 592 2515 vectari
606 2470 679 2515 rura
693 2449 824 2527 caballo,

207 2551 269 2613 Sed
283 2551 367 2634 quod
382 2573 477 2628 eram,
492 2573 601 2616 uarro:
624 2551 802 2636 respondes,
817 2564 940 2616 uacuus
954 2565 1001 2616 est
1016 2573 1095 2629 mos,
1151 2542 1199 2621 (ἴ)

206 2653 328 2716 Pauca:
352 2654 449 2728 abeo;
473 2668 505 2717 et
519 2676 643 2720 revocas
658 2675 739 2718 nono
752 2666 824 2738 post
838 2674 953 2731 meuse,
962 2652 1118 2739 jubesque

207 2756 287 2818 Esse
302 2755 334 2818 iu
350 2755 515 2820 amicorum
531 2778 669 2820 numero.
713 2757 867 2841 Magnum
882 2754 942 2819 hoc
956 2778 1014 2841 ego
1028 2756 1118 2835 duco,

204 2857 299 2934 Quod
313 2857 416 2942 placui
432 2858 500 2936 tibi,
513 2859 569 2943 qui
585 2859 668 2944 turpi
682 2859 814 2924 secernis
828 2857 1003 2937 honestum,

206 2959 279 3022 Non
294 2972 381 3042 patre
396 2960 557 3043 proeclaro,
573 2962 628 3025 aed
643 2961 708 3026 vita
722 2975 754 3026 et
768 2975 892 3047 pectore
906 2983 995 3046 puro.

208 3060 309 3146 Atqui
325 3059 351 3123 si
366 3060 452 3125 vitiis
465 3062 682 3152 mediocribus,
696 3086 732 3128 ac
747 3085 816 3128 mea
829 3063 936 3148 paucis
1155 3062 1198 3128 65
1279 3054 1280 3057 ¹

208 3162 362 3227 Meudosa
376 3175 424 3226 est
436 3177 558 3243 natura,
573 3165 688 3251 alioqui
702 3180 796 3244 recta,
814 3165 915 3243 (velut
929 3165 957 3229 si

208 3265 346 3348 Egregia
360 3264 514 3349 inspersos
529 3269 696 3350 reprendas
710 3290 837 3354 corpore
850 3269 982 3349 naevos,)

209 3365 244 3428 Si
259 3388 359 3450 neque
373 3368 545 3447 avaritiam,
561 3392 661 3456 neque
676 3371 790 3445 sordes,
806 3383 861 3436 aut
875 3372 957 3436 mala
970 3372 1068 3437 lustra

208 3467 345 3552 Objiciet
360 3492 431 3535 vere
446 3471 605 3558 quisquam
622 3474 719 3551 mibi;
740 3496 836 3558 purus
851 3487 883 3538 et
896 3473 1002 3539 insons

209 3574 271 3650 (Ut
286 3595 335 3637 me
349 3573 535 3657 collaudem)
552 3576 579 3639 si
593 3578 666 3640 vivo
679 3590 711 3641 et
726 3599 815 3641 carus
829 3576 952 3642 amicis:
1158 3578 1202 3661 70

211 3676 314 3737 Causa
328 3672 389 3738 fuit
404 3690 491 3759 pater
506 3676 566 3755 his,
581 3679 636 3762 qui
651 3701 753 3742 macro
767 3700 885 3763 pauper
899 3680 999 3765 agello

214 3777 323 3840 Noluit
337 3778 369 3840 iu
387 3779 479 3841 Flavi
496 3779 602 3843 ludum
619 3780 815 3856 ammittere,
831 3781 938 3864 magui

209 3881 281 3955 Quo
295 3880 382 3962 pueri
398 3881 517 3966 magnis
532 3904 549 3945 e
564 3881 793 3945 centurionibus
807 3881 877 3958 orti,

210 3980 310 4044 Laevo
325 3983 466 4067 suspensi
481 3984 597 4048 loculos
613 3983 812 4069 tabulamque
826 3984 952 4064 lacerto,
1008 4007 1011 4014 ·

211 4081 307 4145 Ibant
321 4084 439 4148 octonis
453 4085 619 4151 referentes
633 4087 737 4151 idibus
751 4110 827 4152 aera:
1160 4088 1205 4174 75

211 4183 274 4247 Sed
289 4206 419 4267 puerum
436 4201 482 4251 est
497 4210 590 4252 ausus
606 4190 739 4255 Romam
755 4203 887 4273 portare,
902 4191 1075 4256 docendum
