2948 5422
227 460 289 544 176
560 479 592 530 Q.
616 482 761 524 nonaru
786 481 908 525 anasei

227 634 380 716 corruget
394 653 502 705 nares;
527 652 566 695 ne
581 653 642 695 non
659 645 690 696 et
706 631 873 695 cantharus
888 644 920 694 et
934 631 1006 694 lanx

225 736 380 800 Ostendat
395 733 451 797 tibi
467 747 497 797 te
510 758 519 806 ;
543 755 583 797 ne
598 733 677 798 fidos
692 734 773 798 inter
787 733 901 797 amicos

225 836 274 899 Sit
288 836 343 921 qui
358 836 442 900 dicta
456 835 536 899 foras
551 836 688 899 eliminet
701 860 710 914 ;
733 848 768 898 ut
784 846 873 900 coeat
887 858 943 919 pat
1185 845 1233 907 25

223 940 247 1001 J
249 952 444 1023 ungaturquc
459 937 537 1022 pari.
582 939 713 1001 Butram
730 938 798 1012 tibi,
815 938 1059 1023 Septiciumque,

224 1041 270 1103 Et
285 1040 345 1102 nisi
361 1062 450 1103 coena
463 1039 547 1123 prior
561 1039 722 1124 potiorque
737 1039 841 1123 puella
857 1039 1006 1103 Sabinum

225 1142 367 1220 Detinet,
383 1163 553 1206 assumam:
577 1141 662 1204 locus
677 1154 724 1205 est
739 1155 771 1205 et
784 1142 925 1226 pluribus
939 1143 1056 1206 umbris
1068 1170 1076 1216 ς

227 1246 289 1308 Sed
304 1244 396 1306 nimis
410 1257 494 1308 arcta
508 1257 652 1327 premunt
668 1243 760 1307 olidae
779 1244 921 1308 convivio
935 1267 1046 1328 caprae.

224 1348 277 1411 Tu
291 1359 403 1430 quotus
418 1368 484 1410 esae
498 1345 587 1419 velis,
602 1346 754 1419 rescribe;
779 1359 810 1410 et
826 1347 916 1410 rebus
931 1347 1049 1411 omissis
1183 1353 1232 1416 30

227 1447 317 1512 Atria
331 1461 502 1512 servantem
518 1448 636 1532 postico
652 1447 725 1511 falle
741 1448 892 1512 clientem.

563 1787 800 1849 EPISTOLA
823 1786 883 1847 VI.

591 1954 636 1993 AD
662 1952 850 1993 Nutrrclutt.

228 2068 259 2131 N
264 2089 296 2130 iu
312 2066 456 2131 admirari
471 2087 566 2149 prope
580 2086 629 2128 res
644 2079 691 2128 est
705 2087 779 2142 uno,
795 2066 934 2143 Numici,

229 2169 371 2256 Solaque,
387 2191 457 2254 quae
471 2167 568 2252 possit
582 2167 682 2231 facere
697 2181 727 2230 et
742 2190 863 2231 servare
877 2169 1017 2236 beatum.

228 2272 326 2337 Hunc
341 2272 448 2348 solem,
463 2284 495 2335 et
510 2270 625 2347 stellas,
640 2284 672 2334 et
687 2269 867 2334 decedentia
882 2271 973 2335 certis

229 2373 575 2460 Temporamomentis,
591 2385 663 2436 sunt
678 2372 731 2457 qui
746 2371 910 2436 formidine
925 2373 1010 2438 nulla

228 2477 348 2541 Imbuti
363 2489 519 2561 spectent:
544 2476 620 2561 quid
636 2497 741 2539 censes
755 2496 884 2538 munera
899 2479 1012 2538 terrae?
1204 2485 1227 2545 5

119 2604 124 2612 ’
228 2578 312 2656 Quid
327 2581 419 2643 maris
431 2593 582 2643 extremos
599 2578 721 2642 Arabas
737 2577 865 2642 ditantis
881 2590 912 2640 et
929 2578 1048 2642 Indos?

227 2678 366 2745 Ludicra
381 2682 468 2765 quid,
483 2681 621 2765 plausus
638 2693 669 2744 et
684 2680 774 2744 amici
789 2681 871 2743 dona
887 2680 1042 2757 Quiritis?

227 2782 297 2859 Quo
312 2784 479 2864 spectanda
494 2783 597 2857 modo,
613 2804 674 2865 quo
689 2805 781 2845 sensu
796 2782 894 2847 credis
907 2796 938 2846 et
952 2787 1026 2846 ore?

227 2883 288 2961 Qui
304 2884 392 2946 timet
407 2883 455 2946 his
471 2885 609 2960 adversa,
626 2883 688 2945 fere
704 2884 832 2946 miratur
846 2885 952 2947 eodem

226 2989 296 3064 Quo
311 2985 438 3069 cupiens
451 2997 559 3068 pacto:
577 3006 672 3066 pavor
687 2997 733 3047 est
748 2987 910 3069 utrobique
926 2987 1089 3050 molestus:
1181 2992 1226 3051 10

227 3087 400 3172 Improvisa
415 3086 507 3151 simul
523 3088 639 3171 species
654 3099 785 3151 exterret
801 3100 975 3171 utrumque.

226 3191 383 3270 Gaudeat,
399 3214 438 3254 an
454 3192 573 3270 doleat3
598 3191 713 3275 cupiat,
730 3203 907 3262 metuatne3
932 3191 1007 3274 quid
1023 3191 1064 3255 ad
1078 3213 1154 3267 rem,

226 3292 271 3369 Si,
288 3294 435 3378 quicquid
452 3294 531 3356 vidit
546 3294 657 3356 melius
672 3294 800 3377 pojusve
816 3316 871 3357 sua
887 3314 952 3376 spe,

223 3394 347 3458 Defixis
362 3396 471 3472 ocuiis,
487 3395 649 3479 animoque
664 3408 696 3458 et
711 3417 836 3479 corpore
851 3398 975 3479 torpet?

224 3498 331 3562 Insani
347 3499 468 3581 sapiens
483 3520 595 3561 nomen
610 3498 698 3574 ferat,
715 3521 821 3583 aequus
838 3498 947 3582 iniqui,

222 3599 317 3663 Ultra
331 3621 423 3684 quam
440 3601 513 3664 satis
528 3614 585 3675 est,
602 3602 747 3666 virtutem
764 3603 789 3665 si
805 3616 890 3687 petat
905 3603 1012 3685 ipsam.

224 3703 241 3764 I
257 3722 352 3779 nunc,
368 3717 541 3786 argentum,
558 3718 589 3768 et
604 3728 736 3769 marmor
752 3719 851 3782 vetuo,
868 3726 991 3788 aeraque
1006 3716 1037 3766 et
1052 3716 1131 3767 artes

222 3803 363 3887 Suspice,
380 3827 448 3866 cum
464 3808 593 3888 gemmis
610 3810 725 3891 Tyrios
740 3809 850 3872 mirare
866 3808 997 3872 colores:

223 3908 336 3972 Gaude
351 3906 435 3990 quod
450 3920 589 3989 spectant
604 3909 685 3971 oculi
701 3922 731 3972 te
746 3909 831 3973 mille
846 3909 1043 3993 loquentem:

222 4011 354 4075 Gnarus
369 4030 458 4071 mane
472 4008 584 4085 forum,
600 4020 631 4071 ct
647 4010 839 4091 vespertinus
855 4023 924 4092 pete
940 4025 1075 4089 tectum3
1175 4012 1219 4072 20

221 4113 271 4176 Ne
285 4113 357 4197 plus
370 4111 517 4177 frumenti
533 4111 688 4176 dotalibus
703 4124 817 4175 emetat
833 4112 915 4195 agris

220 4217 354 4289 Mutus;
380 4230 410 4280 et
427 4212 603 4299 (indignum
619 4214 701 4298 quod
718 4214 772 4297 sit)
789 4215 945 4298 pejoribus
960 4230 1056 4293 ortus,
