2872 5010
189 449 253 516 106
505 472 538 518 α.
560 472 708 516 nonaria
733 474 857 517 rnncci

230 621 314 700 Quid
331 620 505 686 Tiridatem
521 636 643 698 terreat,
659 624 750 688 unice

230 724 372 786 Securus.
417 724 446 788 O
462 745 532 808 quae
546 723 684 788 fontibus
698 723 828 809 integris

272 824 411 900 Gaudes,
428 826 547 908 apricos
562 839 650 890 necte
664 824 766 903 flores,

312 927 412 990 Necte
427 946 495 989 meo
510 926 631 990 Lamiae
646 948 800 1004 coronam,

228 1027 364 1111 Pimple'i
379 1026 496 1090 dulcis:
521 1028 565 1090 nil
581 1028 693 1091 sinete
709 1028 768 1092 mei

227 1128 363 1192 Possunt
377 1127 525 1193 honores:
550 1129 632 1193 bunc
648 1129 761 1193 fidibus
775 1129 875 1205 novis,

270 1231 367 1293 Hunc
383 1230 498 1294 Lesbio
513 1252 631 1295 sacrare
645 1231 763 1315 plectro
840 1266 846 1277 ·

312 1333 423 1417 Teque
439 1347 568 1417 tuasque
582 1333 671 1396 decet
686 1354 812 1397 sorores.

713 1484 863 1493 .----.-

438 1567 534 1631 ODE
565 1567 724 1631 XXVII.
768 1570 817 1647 (u.
834 1569 916 1647 xrx.)

567 1707 613 1748 Al)
635 1707 795 1750 SODALES.

224 1806 339 1868 Naris
355 1805 387 1867 in
403 1823 492 1867 usum
507 1804 626 1867 laetitiae
641 1805 767 1890 scyphis

225 1908 370 1990 Pugnare
386 1905 545 1969 Thracum
562 1918 627 1969 est:
652 1906 751 1968 tollite
766 1906 928 1970 barbarum

266 2009 400 2082 Morem,
417 2005 685 2090 verecundumque
701 2006 860 2070 Bacchum

309 2107 494 2193 Sanguineis
508 2106 669 2191 prohibete
683 2107 767 2171 rixis.

223 2211 304 2275 Vino
313 2224 350 2276 et
363 2209 497 2276 lucernis
512 2211 629 2275 Medus
644 2209 783 2276 acinaces

223 2316 365 2379 Immone
379 2327 528 2399 quantum
544 2313 717 2398 discrepat!
764 2311 901 2397 Impium

264 2417 379 2482 Lenito
393 2417 567 2493 clamorem,
584 2415 715 2492 sodales,

306 2519 352 2581 Et
366 2517 471 2582 cubito
485 2531 641 2582 remanete
656 2539 769 2602 presso.

222 2617 326 2683 Vultis
341 2619 438 2682 severi
454 2640 503 2683 me
518 2641 639 2705 quoque
654 2642 774 2685 sumere

220 2719 345 2783 Partem
362 2719 513 2783 Falerni?
536 2721 620 2785 dicat
635 2721 785 2805 opuntiae

263 2820 374 2883 Frater
388 2819 541 2903 Megilloe,
557 2843 618 2905 quo
633 2822 741 2885 beatus

306 2920 451 2998 Vulnere,
467 2943 529 3004 qua
543 2933 648 3002 pereat
663 2921 784 3003 sagitta.

115 3034 120 3045 '
221 3026 330 3086 Cessat
344 3022 511 3086 voluntas?
531 3043 594 3086 non
609 3021 670 3088 alia
684 3021 789 3086 bibam

219 3123 375 3188 Mercede.
420 3126 499 3200 Quae
514 3135 546 3187 te
561 3145 681 3209 cunque
696 3125 802 3190 domat
816 3127 935 3202 Venus,

263 3227 336 3290 Non
350 3225 566 3290 erubescendis
580 3226 684 3292 adurit

304 3326 454 3411 Ignibus3
481 3327 676 3413 ingenuoque
690 3349 810 3413 semper

219 3430 337 3493 Amore
350 3450 475 3514 peccas:
500 3428 646 3514 quicquid
662 3429 767 3506 babes,
784 3454 853 3516 age,

217 3531 349 3614 Depone
365 3531 440 3595 tutis
455 3530 591 3597 auribus.
636 3532 692 3597 Ab
705 3535 711 3595 !
738 3532 841 3613 miser,

260 3635 385 3710 Quanta
398 3634 557 3701 laborabas
572 3636 745 3723 Charybdi,

302 3733 409 3819 Digne
422 3758 499 3821 puer
514 3738 640 3805 meliore
654 3739 795 3805 flamma!

218 3839 296 3913 Quae
311 3857 396 3920 saga,
412 3839 482 3921 quis
497 3851 528 3902 te
542 3842 659 3906 solvere
675 3842 837 3907 Thessalis

217 3938 334 4021 Magus
349 3938 486 4015 venenis,
503 3939 572 4025 quis
587 3941 701 4024 poterit
717 3944 828 4006 Deus?

259 4035 321 4103 Vix
335 4038 488 4125 illigatum
505 4054 534 4105 te
550 4041 681 4105 triformi

300 4140 437 4224 Pegasus
453 4143 595 4227 expediet
611 4143 775 4208 Chimaera.
