2872 5010
431 422 475 463 ns
501 420 592 463 snas
617 420 775 473 reseres,
800 423 846 465 sn
871 421 1018 464 rrsouus.
1158 406 1223 468 ⁶245

227 571 374 636 Reddere
388 592 527 653 personae
542 571 599 634 seit
613 571 827 634 convenientia
841 572 960 655 cuique.

229 672 400 757 Respicere
416 672 571 756 exemplar
586 672 660 735 vitae
675 694 853 757 morumque
862 673 982 757 jubebo

226 776 364 838 Doctum
380 775 576 851 imitatorem,
592 787 623 837 et
638 796 725 837 veras
740 773 813 837 hinc
828 774 939 838 ducere
954 797 1052 838 voces.

225 877 390 940 Interdum
405 876 541 960 speciosa
554 876 630 939 locis
645 889 820 959 morataque
834 888 917 938 recte

227 978 362 1055 Fabula,
376 977 492 1040 nullius
502 978 633 1054 veneris,
648 977 714 1038 sine
730 976 863 1057 pondere
878 989 909 1039 et
924 989 1000 1050 arte,
1151 980 1218 1040 320

229 1079 358 1142 andius
373 1079 505 1142 oblectat
519 1078 667 1162 populum
684 1078 853 1161 meliusque
869 1092 1015 1153 moratur,
1050 1134 1057 1147 ,

225 1178 327 1255 Quam
344 1198 449 1240 versus
466 1177 571 1259 inopes
585 1197 698 1253 rerum,
714 1197 867 1258 nugaeque
882 1197 1010 1238 canorae.

227 1278 332 1342 Graiis
344 1278 515 1362 ingenium,
528 1276 634 1340 Graiis
649 1277 735 1340 dedit
749 1298 801 1339 ore
815 1277 947 1340 rotundo

227 1382 323 1443 Musa
337 1380 433 1463 loqui,
448 1386 561 1463 praeter
576 1378 697 1441 laudem
713 1377 830 1440 nullius
845 1378 962 1441 avaris:
1160 1457 1162 1462 Ι

228 1480 362 1543 Romani
377 1480 465 1562 pueri
481 1480 581 1564 longis
596 1478 765 1542 rationibus
780 1500 876 1543 assem
1148 1483 1213 1546 325

228 1583 364 1645 Discunt
378 1582 410 1644 in
426 1595 528 1664 partes
544 1594 666 1644 centum
684 1580 839 1643 diducere.
884 1581 909 1650 ii
931 1581 1025 1648 Dicat

228 1683 330 1746 Filius
346 1683 469 1758 Albini,
487 1683 521 1745 Si
537 1683 575 1745 de
591 1683 763 1765 quincunce
778 1695 894 1745 remota
909 1696 955 1746 est

230 1784 344 1860 Uncia,
359 1784 435 1868 quid
449 1787 596 1868 superat?
621 1783 648 1854 ἹῙ
668 1786 795 1846 Poteras
810 1783 935 1858 dixisse,
953 1785 1077 1846 'l'riens
1094 1784 1121 1855 ἹῙ
1140 1786 1212 1846 Eu?

227 1887 308 1949 Rem
322 1886 437 1969 poteris
452 1908 573 1949 servare
589 1900 682 1948 tuam.
729 1884 826 1947 Redit
841 1883 942 1957 uncia,
958 1885 1033 1966 quid
1049 1885 1106 1947 fit?

225 1987 254 2057 ii
273 1987 380 2050 Semis.
405 1987 432 2057 ii
451 1988 516 2063 An,
531 1986 599 2049 haec
614 1987 731 2049 animos
746 2007 850 2070 aerugo
862 2000 892 2048 et
908 2007 980 2047 cura
991 1986 1093 2067 peculi
1150 1988 1216 2049 330

225 2091 306 2151 Cum
322 2089 415 2152 semel
431 2088 586 2161 imbuerit,
603 2110 759 2172 speramus
774 2087 909 2151 carmina
923 2086 999 2169 fingi

224 2188 319 2253 Posse
332 2190 459 2254 linenda
472 2190 575 2266 cedro,
591 2203 622 2253 et
636 2190 697 2252 levi
713 2189 863 2251 servanda
877 2191 1042 2272 cupresso?

232 2292 302 2353 Aut
315 2291 460 2374 prodesse
474 2290 584 2353 volunt
598 2306 651 2353 aut
667 2290 818 2354 delectare
831 2299 946 2373 po'etae,

227 2392 296 2455 Aut
311 2393 403 2456 simul
418 2406 449 2457 et
458 2393 600 2476 jucunda
615 2405 645 2456 et
661 2392 772 2455 idonea
786 2391 887 2454 dicere
903 2391 985 2454 vitae.

229 2493 385 2578 Quicquid
400 2492 572 2578 praecipies,
588 2506 653 2556 esto
666 2494 788 2564 brevis;
814 2506 848 2555 ut
863 2492 924 2556 cito
939 2493 1022 2557 dicta
1149 2495 1214 2555 335

226 2595 403 2679 Percipient
418 2594 513 2657 animi
528 2593 655 2670 dociles,
672 2608 856 2678 teneantque
867 2596 987 2659 fideles:

231 2696 333 2763 Omne
348 2716 571 2780 supervacuum
587 2695 679 2779 pleno
694 2695 733 2758 de
748 2709 871 2779 pectore
886 2713 999 2761 manat.

226 2795 317 2858 Ficta
332 2797 500 2880 voluptatis
514 2819 617 2873 causa,
632 2797 694 2859 sint
709 2797 848 2879 proxima
863 2797 957 2867 verim

227 2896 289 2971 Ne,
304 2897 508 2982 quodeunque
525 2898 618 2975 volet,
634 2910 741 2982 poscat
755 2896 812 2961 sibi
827 2898 933 2963 fabula
947 2901 1041 2973 credi,

226 2998 297 3060 Neu
313 3020 434 3081 prausae
450 2999 572 3063 Lamiae
587 2999 693 3063 vivum
709 3022 838 3084 puerum
853 3002 997 3065 extrahat
1012 3002 1091 3064 alvo.
1150 3003 1214 3063 340

226 3098 384 3162 Centuriae
401 3101 554 3163 seniorum
571 3101 690 3182 agitant
705 3103 842 3184 expertia
857 3104 973 3184 frugis3

224 3197 309 3261 Celsi
324 3212 513 3281 praetereunt
527 3214 648 3263 austera
663 3212 806 3285 poemata
822 3204 998 3266 Rhamnes:

225 3302 328 3362 Omne
345 3299 416 3362 tulit
432 3312 582 3382 punctum
598 3302 651 3385 qui
666 3303 789 3366 miscuit
803 3304 879 3367 utile
894 3304 990 3379 dulei,

225 3399 387 3466 Lectorem
402 3401 593 3480 delectando,
609 3404 782 3488 pariterque
798 3407 958 3469 monendo.

226 3502 289 3567 Hic
304 3521 399 3570 meret
414 3529 475 3570 aera
489 3507 567 3571 liber
583 3506 695 3578 Sosiis;
719 3505 817 3569 hicet
833 3529 915 3569 mare
931 3507 1049 3579 transit,
1151 3509 1214 3569 sto

224 3607 270 3669 Et
284 3607 409 3690 longum
421 3622 495 3671 noto
511 3606 651 3689 scriptori
665 3622 808 3689 prorogat
823 3629 933 3668 oevum.

225 3710 306 3771 Sunt
320 3710 434 3773 delicta
449 3723 550 3772 tamen
567 3707 681 3792 quibus
695 3707 849 3790 ignovisse
865 3707 1012 3770 veiimus:

227 3811 306 3873 Nam
313 3832 413 3895 neque
426 3810 542 3874 chorda
548 3820 656 3872 sonum
668 3809 770 3871 reddit
779 3831 869 3893 quem
880 3808 948 3870 vult
958 3830 1066 3870 manus
1076 3822 1107 3870 et
1116 3829 1213 3880 niens,

215 3913 430 3997 gPoscentique
439 3933 563 3996 gravem
579 3932 718 3993 persaepe
730 3911 858 3973 remittit
874 3924 997 3973 acutum
1010 3935 1018 3980 ;

226 4014 293 4076 Nee
308 4036 425 4096 semper
440 4013 529 4077 feriet
543 4013 747 4096 quodcunque
763 4012 930 4074 minabitur
945 4033 1040 4073 arcus.
1150 4014 1215 4074 350

228 4117 339 4179 Verum
357 4117 409 4179 ubi
424 4117 514 4198 plura
530 4115 630 4177 nitent
646 4113 676 4174 in
693 4113 837 4181 carmine,
854 4134 914 4174 non
931 4135 988 4191 ego
1004 4112 1108 4195 paucis
