2872 5010
423 453 468 496 ΒΕ
492 452 584 496 ARTE
609 453 768 509 murres,
792 454 838 496 An
864 455 1010 500 Pisones.

220 605 358 683 Diuus,
372 625 428 689 spe
442 603 566 688 longus,
580 603 674 681 iners,
690 603 861 688 avidusque
875 604 986 682 futuri,

219 705 379 785 Difficilis,
394 705 553 792 querulus,
569 704 712 769 laudator
727 704 875 790 temporis
890 707 954 770 seti-

221 810 264 875 Se
275 832 383 895 puero,
400 809 750 893 eenscr'esstigutorque
764 807 929 872 minorum.

221 912 329 977 Mults
342 912 447 977 ferunt
462 910 536 974 unni
553 909 713 974 venientes
728 910 889 974 commoda
903 932 1019 988 secum,
1151 912 1215 994 17⁵

221 1014 328 1079 Mults
342 1013 520 1078 recedentes
535 1011 688 1076 adimunt.
732 1012 783 1074 Ne
797 1010 875 1076 forte
892 1011 1003 1077 seniles

221 1114 414 1181 Mundentur
423 1115 534 1201 juveni
549 1126 663 1199 portes,
678 1134 835 1198 pueroque
849 1113 964 1191 viriles,

221 1218 349 1302 Semper
359 1218 392 1280 in
408 1215 564 1302 adjunctis
579 1237 708 1301 aevoque
723 1215 910 1280 morabimur
925 1217 1016 1300 aptis.

220 1320 286 1383 Aut
299 1319 403 1405 egitur
416 1341 465 1383 res
479 1319 512 1382 in
528 1318 638 1394 scenis,
654 1331 708 1383 sut
723 1330 791 1382 cetu
806 1317 947 1383 refertur.

221 1419 354 1504 Segnius
369 1419 492 1484 irritent
507 1419 626 1484 animos
640 1417 773 1482 demissa
787 1440 842 1502 per
857 1440 974 1496 curem,
1150 1426 1214 1488 luo

221 1523 321 1599 Quum
337 1542 408 1608 quoe
422 1534 495 1586 sunt
509 1520 606 1584 oeulis
621 1520 758 1603 subjectu
773 1520 928 1597 fidelibus,
943 1535 975 1585 et
989 1543 1059 1606 quoe

222 1623 296 1707 Ipse
310 1622 368 1689 sibi
385 1624 480 1689 trudit
492 1635 655 1708 spectator.
701 1622 773 1684 Non
791 1634 892 1685 umen
906 1621 989 1685 intus

221 1722 329 1809 Digne
342 1725 420 1810 geri,
437 1746 559 1810 promes
574 1725 606 1787 iu
623 1744 765 1788 sconem:
790 1723 948 1808 multoque
960 1723 1051 1788 tolles

220 1828 273 1892 Ex
285 1828 395 1906 oeulis,
404 1850 474 1914 quoe
489 1849 562 1892 mor
577 1839 681 1891 narret
695 1824 840 1889 facundis
851 1845 996 1908 praesens.

221 1931 289 1994 Nee
302 1950 413 2014 pueros
428 1949 529 1994 eorum
545 1928 660 2013 populo
676 1927 791 1991 Medea
807 1926 951 2007 trucidet,
1149 1929 1212 1993 185

220 2029 436 2096 Authumunu
449 2031 550 2116 pulum
567 2042 679 2114 coquat
694 2042 766 2093 extu
776 2028 911 2093 nefarius
926 2031 1051 2107 Atreus,
1121 2034 1125 2039 '

220 2132 291 2196 Aut
304 2131 337 2196 in
352 2154 440 2198 nvem
456 2134 580 2217 Progne
595 2143 743 2206 vertatur,
760 2130 898 2196 Cadmus
911 2131 945 2194 in
961 2152 1115 2216 unguem

220 2234 434 2319 Quodcunque
445 2234 581 2299 ostendis
597 2231 674 2296 mihi
690 2232 745 2310 sic,
761 2231 939 2296 incredulus
954 2232 1015 2297 odi.

219 2336 310 2401 Neve
324 2337 434 2414 minor,
446 2358 508 2400 neu
526 2335 566 2399 sit
581 2335 690 2420 quinto
704 2334 882 2418 productior
896 2349 967 2400 netu

219 2437 351 2515 Fabuu,
367 2459 436 2523 quae
450 2437 536 2520 posci
548 2435 628 2514 vult,
644 2449 675 2500 et
691 2449 827 2521 spectatu
842 2437 970 2521 reponi:
1147 2441 1214 2508 190

220 2540 289 2604 Nee
302 2538 391 2604 Deus
406 2538 538 2613 intersit,
554 2538 614 2602 nisi
629 2539 742 2622 dignus
758 2539 881 2603 vindice
896 2539 996 2603 nodus

221 2640 391 2705 Inciderit:
415 2662 473 2705 nce
487 2652 596 2726 qutrtn
610 2640 695 2725 loqui
710 2662 841 2724 persono
856 2641 983 2706 laboret.

219 2742 342 2806 Actoris
355 2755 457 2825 partes
473 2740 586 2806 chorus
601 2740 797 2826 officiumque
811 2741 902 2807 virile

219 2841 396 2915 Defendat;
420 2864 482 2907 neu
496 2844 703 2929 quid'medios
718 2843 882 2909 intereinut
896 2857 994 2925 setus,

219 2945 311 3022 Quod
326 2966 386 3008 non
401 2946 558 3030 proposito
574 2947 726 3011 conducat
741 2960 772 3011 et
787 2945 904 3013 hoerest
919 2961 1011 3033 epte:
1146 2953 1208 3021 195

220 3046 282 3110 Ille
296 3047 384 3111 bonis
398 3047 561 3133 faveatque
576 3062 607 3112 et
623 3049 801 3112 consilietur
816 3051 933 3123 smiee;

219 3149 265 3213 Et
279 3162 365 3234 regat
380 3150 485 3225 iratos,
501 3163 532 3213 et
548 3161 629 3211 umet
644 3171 772 3231 peecare
787 3149 948 3216 timentes:

220 3250 280 3316 Ille
295 3252 390 3333 dupes
405 3248 511 3312 laudet
525 3269 643 3310 mensae
658 3248 780 3312 brevis:
805 3249 857 3314 ille
872 3252 1022 3326 salubrem

218 3350 241 3416 J
244 3350 394 3429 ustitiam,
408 3350 563 3437 legesque,
580 3364 611 3415 et
626 3351 740 3437 opertis
755 3354 818 3420 otiu
833 3357 949 3440 portis:

219 3454 280 3518 Ille
296 3467 381 3538 tegat
395 3453 576 3530 commisss3
599 3457 746 3542 Deosque
759 3472 901 3542 precetur
915 3474 945 3524 et
961 3477 1037 3540 oret,
1145 3468 1209 3529 200

218 3556 267 3620 Ut
281 3557 386 3621 redeat
401 3558 530 3636 miseris,
546 3559 636 3622 obest
650 3558 775 3623 fortuna
790 3561 939 3645 superbis.

219 3657 316 3721 Tibia
331 3679 404 3735 non,
421 3672 457 3721 ut
471 3680 554 3723 nune
568 3659 723 3724 orichalco
739 3661 854 3738 vineta,
872 3663 1014 3746 tuboeque

216 3757 360 3835 AEmuls,
376 3759 429 3822 sed
445 3760 547 3823 tenuis
558 3760 749 3846 simplexque
760 3763 908 3827 foramine
922 3786 1022 3848 pauco

217 3859 377 3944 Aspirare‚
393 3874 425 3925 et
437 3862 542 3926 sdesse
557 3861 658 3926 choris
673 3878 738 3928 erat
753 3864 851 3941 utilis,
868 3879 960 3950 utque

217 3962 365 4026 Nondum
383 3963 480 4047 spissa
495 3965 586 4027 nimis
603 3966 755 4049 complere
775 3966 883 4031 sedilia
897 3966 993 4042 flutu3
1145 3975 1208 4035 205

217 4067 288 4143 Quo
300 4087 372 4128 saue
387 4067 520 4150 populns
535 4069 744 4146 numerabilis,
761 4083 869 4153 utpote
883 4092 1009 4154 parvus,

217 4168 263 4230 Et
276 4167 369 4250 frugi.
386 4181 547 4253 castusque
564 4170 816 4255 verecundusque
831 4171 942 4235 coibat.

1060 4296 1079 4336 n
