2872 5010
261 455 325 520 mn
596 480 627 525 o.
652 477 799 521 nonnmr
825 477 947 524 nuncet

303 627 375 690 Hac
390 641 456 690 erte
472 627 585 691 Pollux
602 643 633 693 et
649 651 747 712 vagus
761 629 914 694 Hercules

301 726 431 805 Enistm,
446 751 531 792 srces
545 730 650 813 attigit
665 732 789 815 igneus3

345 830 432 906 Quos
447 830 528 894 inter
542 833 705 915 Augustus
720 836 901 899 recumbens

392 931 555 1016 Purpureo
569 932 647 996 bibit
661 956 714 997 ore
728 949 854 999 nectar:

303 1034 375 1097 Huc
391 1047 421 1095 te
437 1046 615 1109 merentem,
634 1031 758 1099 Bacche
772 1052 872 1120 puter,
888 1054 952 1102 tuae

301 1136 425 1199 Vexere
439 1134 533 1217 tigres
548 1134 675 1198 indocili
686 1137 799 1220 jugum

345 1236 437 1300 Collo
452 1235 621 1300 trahentes:
646 1235 705 1302 hnc
720 1238 870 1315 Quirinus

388 1337 503 1403 Mortis
517 1337 604 1422 equis
616 1338 794 1404 Acheronta
809 1341 905 1426 fugit,

302 1445 435 1508 Gratum
451 1440 573 1504 elocuto
588 1440 823 1506 consiliantibus

300 1545 428 1608 «Iunone
443 1541 554 1604 Divis:
582 1542 677 1619 llion,
695 1544 778 1607 llion

345 1643 464 1709 Fatalis
477 1644 673 1729 incestusque
683 1645 794 1730 judex,

387 1747 433 1810 Et
448 1745 559 1809 mulier
572 1749 736 1831 peregrine
752 1749 846 1812 vertit

303 1851 342 1913 ln
358 1848 529 1932 pulverem,
544 1870 581 1911 ex
597 1870 659 1932 quo
673 1850 816 1913 destituit
831 1851 917 1914 Deos

302 1949 450 2015 Mercede
465 1963 555 2031 pecte
571 1949 764 2025 Laomedon,
781 1950 858 2013 mihi

343 2052 509 2133 Cesucque
524 2049 703 2111 demnatum
722 2049 877 2113 Minervae

387 2153 468 2216 Cum
485 2149 600 2235 populo
614 2165 646 2214 et
660 2150 740 2214 duce
754 2149 961 2215 fraudulento.
993 2216 995 2220 .

300 2260 322 2323 J
326 2278 373 2322 em
386 2275 443 2318 nce
460 2253 607 2316 Lecaenoe
623 2251 765 2337 splendet
780 2253 929 2318 adulterae

301 2362 453 2425 Famosus
466 2353 592 2440 hospes,
606 2377 664 2419 nec
678 2355 796 2420 Priami
811 2355 922 2420 domus

344 2461 475 2546 l‘erjum
488 2480 645 2544 pugnaces
657 2458 799 2523 Achivos

391 2560 556 2625 Hectoreis
572 2561 683 2645 opibus
696 2560 840 2646 refringit
853 2588 863 2634 ς

299 2661 485 2746 Nostrisque
500 2661 629 2725 ductum
645 2663 849 2727 seditionibus

300 2765 424 2831 Bellum
438 2760 571 2854 resedit:
595 2763 737 2845 protinus
751 2777 783 2826 et
797 2785 907 2845 graves

344 2866 426 2937 Irus,
442 2877 473 2927 et
488 2862 622 2925 invisum
639 2876 796 2945 nepotem,

386 2962 502 3028 Troice
516 2983 606 3047 quem
622 2961 743 3045 peperit
757 2963 908 3041 sacerdos,

196 3107 203 3119 .
301 3066 400 3133 Metti
415 3065 578 3130 redonebo.
625 3062 720 3126 lllum
736 3085 795 3148 ego
808 3065 928 3131 lucidus

303 3169 389 3236 lnire
403 3168 502 3245 sedes,
517 3165 630 3230 ducere
645 3166 777 3229 nectaris
841 3170 847 3175 ’
878 3173 880 3175 ’

345 3274 471 3345 Succos,
487 3280 518 3333 et
533 3267 665 3332 edscribi
681 3268 794 3353 quietis

390 3370 563 3436 Ordinibus
577 3368 678 3453 patim
693 3370 842 3435 Deorum.

300 3477 387 3539 Dum
403 3473 515 3558 longus
529 3471 612 3535 inter
626 3471 734 3537 saeviat
752 3473 834 3537 Ilion

301 3579 496 3659 Romamque
511 3587 635 3657 pontus,
649 3575 788 3659 quolibet
802 3578 922 3642 exsules

344 3679 384 3742 ln
400 3689 488 3762 perte
501 3689 652 3760 regnanto
663 3678 762 3743 beati:

386 3780 472 3842 Dum
485 3777 602 3842 Priami
619 3779 803 3868 Paridisque
817 3783 909 3847 busto

302 3881 438 3949 lnsultet
452 3894 638 3957 armentum,
654 3895 686 3945 ct
701 3885 819 3947 catulos
833 3883 907 3947 ferm

302 3985 414 4051 Celent
428 3983 555 4054 inultae3
579 3994 641 4046 stet
657 3982 846 4066 Capitolium

346 4086 497 4170 Fulgens,
509 4083 767 4168 triumphatisque
783 4082 880 4166 possit

391 4190 494 4253 Rome
508 4188 593 4253 ferox
609 4185 681 4251 dere
691 4184 764 4270 jum
779 4183 892 4250 Medis.
965 4212 966 4216 ¹
