2872 5010
191 418 258 479 242
516 435 548 477 u.
571 431 719 475 uncini
745 432 867 475 nacci

197 589 364 668 Poetqmm
379 583 475 667 eoepit
491 605 581 666 egros
596 583 762 646 extendere
778 584 890 661 vietor,
904 598 937 648 et
951 585 1060 648 urbem

199 688 308 752 Latios
322 685 468 770 amplecti
483 707 602 761 munis,
618 686 752 769 vinoque
765 686 880 750 diurno

199 791 319 855 nuri
335 789 457 853 Genius
471 789 559 852 festis
572 789 700 872 impune
712 789 836 865 diebus,
1135 792 1200 854 910

200 893 339 958 Acucssit
352 891 549 975 numerisque
563 891 724 974 modisque
738 890 865 954 licentia
880 890 987 974 major.
1236 896 1247 914 ·

202 994 352 1058 Indoctus
366 993 443 1077 quid
456 993 537 1055 enim
554 1007 686 1076 superet,
701 992 840 1076 liberque
854 993 1008 1069 laborum,

203 1095 351 1158 Rusticus
365 1095 484 1156 urbeno
496 1094 653 1168 censimus,
670 1093 770 1175 turpis
784 1092 933 1156 honesto:

203 1198 255 1260 Sic
268 1197 378 1279 priseoe
392 1208 573 1276 motumque
586 1207 618 1254 et
633 1193 785 1255 luxuriem
801 1194 925 1257 eddidit
940 1197 1001 1260 uti

201 1297 347 1372 Tibicen,
362 1294 517 1378 traxitque
531 1315 629 1376 regns
642 1314 698 1376 per
712 1293 836 1378 pulpito
849 1309 986 1360 vestem:
1132 1300 1196 1361 915

202 1401 255 1465 Sic
269 1399 363 1463 etiem
374 1397 489 1460 fidibus
503 1417 594 1459 voces
608 1417 732 1460 crevere
746 1397 874 1474 severis,

202 1504 249 1567 Et
264 1501 337 1566 tulit
350 1499 508 1584 eloqrrium
522 1498 681 1564 insolitum
696 1497 842 1563 succindit
855 1522 1016 1586 praeoeps3

204 1605 403 1687 Utiliumque
418 1623 514 1686 ssgsx
528 1623 643 1677 rerum,
658 1616 690 1664 et
705 1601 812 1665 divine
825 1602 935 1679 futuri,

205 1706 367 1788 Sortilegis
380 1725 442 1768 uon
457 1703 628 1786 discrepuit
642 1703 795 1768 sententie
810 1703 956 1787 Delphis.

204 1807 352 1871 Csrmine
365 1806 419 1890 qui
434 1805 552 1889 mgico
567 1805 660 1869 rilem
675 1804 806 1869 certavit
820 1806 860 1869 ob
874 1804 1008 1883 hircum,

204 1909 286 1971 Mox
299 1907 392 1971 etism
408 1920 544 1990 agrestes
560 1907 687 1988 Satyros
702 1907 844 1983 nudavit,
859 1921 891 1972 et
905 1930 995 1993 espec

205 2007 361 2072 Incolumi
374 2006 528 2091 grevitcte
537 2008 645 2089 jocum
661 2009 805 2084 tentavit,
821 2011 956 2093 eoquod

205 2110 365 2175 Illeoebris
379 2122 444 2173 eret
456 2124 487 2171 et
502 2122 590 2191 grets
604 2108 743 2172 novitate
757 2109 924 2173 morandus

205 2212 377 2296 Spectator,
391 2210 578 2295 functusque
592 2210 697 2288 sacris,
713 2224 745 2274 et
759 2225 863 2294 potus,
877 2225 910 2276 et
923 2213 1026 2278 exlex.

205 2317 318 2379 l'erum
336 2314 380 2378 ite
394 2314 517 2390 risores,
532 2312 575 2378 its
590 2314 805 2377 eommeudtre
818 2314 941 2378 dicaces
1136 2319 1200 2381 995

204 2417 379 2483 Conveniet
395 2418 533 2499 Satyros,
549 2415 593 2479 its
609 2428 729 2480 vertere
744 2416 823 2480 seris
836 2416 930 2490 ludo;

206 2521 257 2583 Ne
271 2519 449 2604 quicunque
464 2517 564 2593 Deus,
580 2517 756 2602 quicunque
771 2517 969 2583 adhibebitur
983 2518 1088 2599 beros,

204 2621 320 2705 Reguli
335 2632 519 2703 conspectus
532 2620 566 2682 in
581 2641 656 2684 euro
671 2640 771 2703 nuper
784 2633 816 2684 et
830 2633 925 2698 ostro,

203 2723 323 2804 Migret
338 2722 371 2783 in
385 2723 533 2785 obscures
546 2720 659 2784 humili
675 2742 814 2784 sermone
829 2721 989 2797 tuberum

205 2825 287 2898 Aut,
302 2823 378 2885 dum
395 2822 473 2886 vitat
488 2821 631 2898 humum,
647 2823 746 2886 nubes
761 2835 792 2886 et
806 2822 913 2888 inanis
927 2837 1043 2909 captet.
1134 2828 1202 2890 230

202 2922 338 2987 Effutire
352 2923 436 2985 leves
452 2922 581 3002 indigne
597 2924 749 3004 tragedia
763 2945 890 3001 versus3

203 3028 253 3091 Ut
266 3024 352 3089 festis
366 3036 506 3088 metrone
521 3022 638 3085 moveri
648 3020 736 3104 jussa
749 3022 873 3101 diebus,

204 3129 351 3194 Intererit
368 3125 489 3210 Satyris
503 3124 631 3210 paulum
647 3124 830 3209 pudibunde
844 3131 1008 3211 protervis.

204 3235 277 3297 Nou
293 3254 350 3314 ego
365 3231 507 3292 inornate
521 3242 554 3294 et
568 3228 759 3294 dominantia
772 3228 898 3296 nomint
912 3232 1023 3311 solum,

203 3335 377 3415 Verbaque,
393 3331 533 3406 Pisones,
551 3332 731 3411 Satyrorum
746 3331 877 3416 scriptor
892 3335 1017 3410 amem,
1134 3338 1202 3401 935

204 3435 272 3497 Nec
287 3432 331 3496 sic
345 3431 445 3494 enitor
459 3430 576 3514 tragico
591 3430 714 3496 differre
728 3434 834 3512 colori,

203 3538 252 3601 Ut
266 3534 347 3603 nihil
361 3533 482 3598 intersit
496 3535 648 3599 Davusne
659 3532 813 3620 loquatur,
829 3551 862 3601 et
871 3536 972 3601 sudu

204 3639 349 3726 Pythias,
365 3651 509 3702 emuncto
524 3636 643 3702 lucrata
660 3637 784 3703 Simone
799 3639 962 3716 talentum,

203 3744 254 3805 An
270 3755 372 3805 custos
388 3740 583 3824 famulusque
600 3739 661 3803 Dei
679 3740 803 3805 Silenus
817 3741 947 3806 alumni.

204 3846 256 3909 Ex
271 3857 344 3906 uoto
359 3843 465 3903 lictum
481 3863 604 3905 carmen
620 3864 739 3926 sequar,
755 3855 791 3905 ut
806 3842 865 3906 sibi
879 3842 983 3926 quivis
1132 3844 1200 3908 240

204 3948 314 4027 Speret
328 3943 428 4014 idcm;
453 3941 543 4003 sudet
558 3943 703 4019 multum,
718 3943 892 4028 fnistrequc
907 3944 1025 4009 laboret

203 4049 311 4108 Ausus
327 4044 428 4107 idem:
452 4054 571 4105 lantum
589 4043 680 4106 series
691 4043 900 4129 junctumque
915 4044 1031 4129 pollet3

206 4150 345 4212 'santum
363 4146 401 4209 de
418 4142 520 4208 medio
535 4145 644 4209 sumtis
660 4146 779 4210 accedit
794 4145 927 4211 honoris.
