2872 5010
494 508 640 557 cnntOEN
665 512 855 556 SAECUbAllE.

222 667 348 732 Fertilis
362 668 486 751 frugum
502 669 680 754 pecorisque
697 669 808 733 Tellus

222 771 332 854 Spicea
342 770 437 834 donet
453 772 597 835 Cererem
613 792 741 834 corona:

223 870 372 936 Nutriant
387 872 481 937 foetus
496 885 528 937 et
542 895 631 958 uquae
650 871 786 937 salubres

308 976 354 1037 Et
369 970 457 1038 Jovis
472 996 566 1039 aurae.

103 1109 105 1113 ν
223 1073 358 1138 Condito
373 1075 456 1140 mitis
470 1076 670 1162 placidusque
684 1076 745 1140 telo

224 1176 386 1259 Supplices
401 1177 474 1242 audi
487 1200 610 1263 pueros,
625 1179 742 1263 Apollo
754 1204 764 1252 ς

224 1277 366 1342 Siderum
382 1278 489 1363 regina
502 1281 636 1345 bicomis
650 1281 735 1358 audi,

308 1378 413 1457 Luna,
429 1380 566 1464 puellas:

224 1480 327 1544 Roma
341 1481 368 1545 si
383 1495 518 1545 vestrum
534 1495 582 1545 est
595 1501 685 1565 opus,
702 1481 832 1566 Iliaeque

224 1581 332 1645 Littus
347 1584 517 1647 Etruscum
533 1596 660 1647 tenuere
675 1594 796 1659 turmae‚

224 1678 247 1748 J
249 1705 321 1748 ussa
335 1706 407 1769 pars
421 1697 541 1749 mutare
556 1685 654 1750 Lares
669 1697 699 1748 et
714 1684 831 1760 urbem,

313 1785 435 1870 Sospite
449 1808 560 1859 cursu3

227 1887 289 1952 Cui
303 1909 359 1971 per
373 1889 532 1953 ardentem
545 1888 610 1952 sine
626 1887 735 1954 fraude
747 1889 876 1975 'frojam

227 1989 342 2053 Castus
357 1990 486 2067 AEneas,
502 1990 611 2073 patriae
626 2005 792 2075 superstes,

228 2091 376 2157 Liberum
392 2092 526 2157 munivit
541 2093 611 2171 iter,
627 2093 756 2158 daturus

319 2194 416 2258 l'lura
431 2193 566 2258 relictis:

228 2296 285 2361 Dii
300 2297 411 2380 probos
425 2317 525 2360 mores
539 2296 634 2361 docili
643 2298 796 2381 juventae,

232 2398 289 2463 Dii
304 2397 456 2462 senectuti
472 2397 604 2482 placida*
619 2400 767 2482 quietem,

230 2499 375 2564 Romulea
390 2499 477 2583 genti
491 2500 564 2564 date
578 2521 703 2584 remque
717 2498 897 2584 prolemque

315 2601 362 2664 Et
376 2600 470 2663 decus
485 2621 586 2664 omne.

231 2702 355 2786 Quique
368 2722 423 2766 vos
437 2701 538 2766 bubus
553 2716 716 2767 veneratur
730 2701 809 2767 albis

232 2804 344 2869 Clarus
359 2802 510 2867 Anchisae
524 2804 714 2890 Venerisque
728 2803 864 2887 sanguis,

206 2908 208 2912 ’
233 2908 383 2991 Imperet,
397 2904 534 2970 bellante
547 2906 641 2991 prior,
651 2907 808 2992 jaseentem

318 3006 416 3071 Lenis
430 3006 464 3070 in
476 3006 607 3073 bostem.

233 3109 255 3170 J
258 3130 307 3171 um
322 3108 399 3172 mari
415 3120 555 3193 terraque
569 3132 679 3174 manus
693 3125 834 3194 potentes

236 3210 351 3275 Medus
366 3209 568 3296 Albanasque
583 3212 672 3276 timet
686 3234 823 3277 secures:

235 3317 257 3379 J
260 3335 309 3378 am
326 3309 452 3395 Scythae
467 3333 612 3396 responsa
624 3325 747 3399 petunt,
762 3315 886 3400 superbi

321 3415 443 3496 Nuper,
459 3426 491 3476 et
507 3414 591 3479 Indi.
858 3409 862 3418 ¹

235 3521 308 3582 Jam
325 3515 434 3594 Fides,
450 3529 482 3580 et
497 3518 577 3595 Pax,
593 3530 624 3581 et
640 3518 764 3596 Honor,
781 3521 948 3606 Pudorque

235 3621 373 3696 Priscus,
388 3629 420 3681 et
433 3617 575 3701 neglecta
589 3618 689 3681 redire
705 3619 812 3684 Virtus

237 3723 359 3794 Audet;
384 3732 572 3804 apparetque
583 3720 673 3782 beata
685 3719 778 3805 pleno

322 3821 422 3905 Copia
436 3841 541 3884 cornu.

237 3930 352 4012 Augur
365 3937 398 3988 ct
410 3923 550 4007 fulgente
564 3924 692 3990 decorus
706 3947 778 3991 arcu

239 4029 390 4104 Phoebus,
405 4040 610 4113 acceptusque
621 4051 731 4094 novem
748 4032 920 4108 Camoenis,

239 4131 302 4209 Qui
317 4129 444 4195 salutari
459 4130 542 4195 levat
556 4149 622 4197 arte
635 4132 730 4199 fessos

325 4231 471 4313 Corporis
486 4246 582 4310 artus,
