2948 5422
323 443 386 507 116
643 466 673 510 o.
697 466 842 509 nounrm
868 468 990 514 resecr

363 612 386 673 J
389 634 462 691 uno,
479 625 510 676 et
525 613 664 677 Deorum
676 615 815 700 quisquis
829 618 955 682 amicior

365 713 460 791 Afris,
474 713 575 777 inulta
589 729 721 780 cesserat
735 717 886 800 impotens

410 813 550 893 Tellure,
566 815 717 880 victorum
732 831 859 901 nepotes

451 916 590 980 Rettulit
608 916 733 998 inferias
747 920 770 981 J
773 919 928 1003 ugurtha.

367 1014 445 1093 Quis
458 1036 521 1079 uon
537 1014 652 1092 Latino
666 1019 816 1102 sanguiue
830 1019 975 1105 pinguior
1005 1079 1007 1084 .

366 1117 503 1200 Campus
518 1118 688 1202 sepulchris
702 1119 798 1204 impia
812 1121 922 1205 proelia

410 1221 570 1298 Testatur,
585 1220 787 1306 auditumque
802 1223 909 1287 Medis

452 1321 615 1405 Hesperiae
629 1323 763 1387 sonitum
778 1323 902 1388 ruinoe?

368 1421 430 1499 Qui
445 1443 570 1506 gurges,
586 1437 639 1488 aut
654 1447 724 1508 quae
738 1424 867 1490 flumina
881 1426 1022 1511 lugubris

367 1527 482 1608 ignara
497 1525 594 1590 belli?
616 1528 699 1610 quod
718 1547 801 1592 mare
817 1527 953 1592 Dauniae

408 1627 441 1688 N
443 1647 482 1689 on
497 1626 709 1692 decoloravere
724 1629 824 1693 caedes
839 1629 850 1692 i

454 1730 533 1805 Quae
547 1741 631 1793 caret
645 1751 699 1794 ora
713 1752 819 1795 cruore
834 1736 961 1794 nostro?

368 1829 430 1893 Sed
444 1849 484 1893 ne
498 1829 612 1893 relictis
629 1833 725 1896 Musa
739 1854 852 1916 procax
861 1832 942 1916 jocis

367 1934 440 1996 Ccae
455 1943 600 1995 retractes
613 1952 739 1996 munera
753 1933 886 2009 uaeniae3

410 2034 537 2095 Mecum
554 2032 688 2095 Dionaeo
702 2034 760 2096 sub
774 2045 862 2096 antro

453 2137 564 2212 Quaere
578 2133 685 2198 modos
699 2133 813 2198 leviore
827 2135 953 2219 plectro.

625 2510 721 2572 ODE
745 2510 795 2572 Il.
828 2507 880 2585 (u.
897 2512 1014 2592 xvur.)

562 2682 607 2722 An
632 2680 893 2724 C·SALLUST1UM
918 2681 1075 2722 CRISPUM.

366 2811 397 2872 N
401 2829 505 2873 ursus
521 2822 650 2893 argento
664 2810 747 2874 color
761 2807 963 2883 cst-avaris

365 2910 491 2974 Abditoe
507 2910 595 2974 terris
610 2909 734 2972 inimice
749 2908 872 2982 lamnoe,

367 3011 476 3096 Crispe
493 3009 736 3089 Sallusti-nisi
758 3018 926 3090 temperato

496 3113 663 3197 Splendeat
678 3132 745 3173 usu.

366 3216 459 3281 Vivet
474 3227 597 3279 extento
614 3211 793 3276 Proculeius
807 3231 874 3273 aevo

365 3318 468 3380 Notus
483 3317 515 3380 in
530 3318 639 3380 fratres
654 3313 747 3378 animi
764 3312 903 3396 paterni:

367 3417 462 3481 Illum
479 3430 549 3502 aget
563 3439 665 3501 penna
679 3423 835 3479 metuente
851 3412 929 3475 solvi

493 3521 592 3583 Fama
611 3530 773 3603 superstes.

363 3620 477 3684 Latius
491 3641 600 3704 regnes
619 3619 745 3684 avidum
760 3619 914 3683 domando

364 3721 526 3804 Spiritum,
541 3744 632 3806 quam
651 3721 676 3786 si
693 3721 827 3806 Libyam
843 3720 970 3785 remotis

313 3851 317 3863 ¹
364 3821 506 3886 Gadibus
516 3823 642 3907 jungas,
659 3836 690 3886 et
705 3835 835 3906 uterque
852 3824 970 3885 Poenus

492 3924 613 3988 Serviat
628 3923 693 3986 uni.

363 4025 482 4088 Crescit
498 4023 663 4107 indulgens
679 4023 736 4086 sibi
751 4023 837 4086 dirus
852 4021 988 4108 hydrops
1002 4049 1011 4098 ς

364 4128 430 4191 Ncc
445 4126 528 4190 sitim
543 4126 643 4210 pellit,
659 4125 718 4190 nisi
735 4147 825 4190 causa
841 4126 939 4189 morbi
