2872 5010
254 469 295 530 lo
574 490 604 534 a.
628 485 776 530 uousrrr
802 489 925 532 rcnccr

250 637 380 701 Parcius
395 635 446 700 bic
460 637 538 700 vivit
554 640 567 698 ?
583 637 665 719 frugi
681 637 820 700 dicatur:
838 639 962 721 ineptus

248 739 294 800 Et
303 738 470 821 jactantior
484 737 536 800 bic
551 737 643 822 paulo
659 741 725 800 est?
742 740 910 802 concinnus
924 739 1030 802 amicis
1199 745 1243 808 50

248 840 391 903 Postulat
407 854 442 902 ut
457 841 615 904 videatur:
634 852 726 902 otest
742 841 954 918 truculentior,
971 855 1063 927 atque

247 940 326 1004 Plus
340 963 428 1025 aequo
444 943 543 1006 liber?
560 941 690 1025 simplex
701 941 849 1025 fortisque
864 942 1022 1006 habeatur.

247 1042 374 1105 Caldior
389 1047 457 1106 est?
474 1065 558 1106 acres
572 1044 653 1106 inter
667 1057 861 1106 numeretur:
880 1045 999 1127 opinor,

248 1144 329 1206 Haec
344 1166 392 1207 res
407 1158 438 1207 et
448 1145 566 1227 jungit,
578 1145 705 1227 junctos
720 1159 751 1206 ct
766 1158 868 1207 servat
882 1145 1027 1208 amicos-⁰

247 1246 291 1306 At
305 1267 361 1307 nos
376 1245 506 1308 virtutes
523 1246 605 1328 ipsas
620 1245 813 1322 invertimus,
829 1259 922 1330 atque
1198 1254 1241 1313 55

249 1346 409 1408 Sincerum
425 1347 566 1429 cupimus
582 1368 635 1409 vas
651 1347 828 1409 incrustare.
863 1348 984 1410 Probus
999 1348 1068 1431 quis

248 1447 417 1510 Nobiscum
434 1447 523 1526 vivit,
538 1448 668 1510 multum
687 1448 838 1510 demissus
853 1447 972 1510 bomo?
996 1448 1043 1511 illi

249 1549 357 1611 Turdo
373 1570 408 1611 ac
424 1570 594 1631 cognomen
611 1550 721 1632 pingui
737 1551 866 1612 damus:
882 1549 933 1613 bic
947 1551 1032 1634 fugit
1048 1573 1154 1614 omncs

249 1650 394 1723 Insidias,
410 1650 548 1732 nullique
564 1651 643 1712 malo
660 1651 740 1713 latus
754 1651 843 1714 obdit
858 1666 997 1735 apertum
1011 1655 1068 1713 l—

247 1753 328 1814 Cum
344 1774 441 1835 genus
457 1753 515 1815 boc
530 1753 610 1815 inter
625 1753 698 1814 vitae
714 1767 862 1830 versetur,
879 1754 930 1817 ubi
947 1756 1025 1817 acris
1197 1754 1241 1817 60

248 1855 384 1932 Invidia,
400 1870 492 1938 atque
508 1856 615 1937 vigent
631 1855 683 1917 ubi
701 1854 929 1938 crimino--pro
944 1857 1022 1919 bene
1037 1876 1111 1919 sono

247 1956 293 2018 Ac
308 1977 369 2017 non
384 1956 519 2028 incauto,
535 1955 640 2016 lictum
657 1967 855 2038 astutumque
869 1978 1022 2019 vocamus.

252 2056 429 2139 Simplicior
444 2056 513 2139 quis
528 2069 559 2117 et
574 2069 631 2131 est,
648 2053 770 2137 qualem
786 2077 835 2118 me
851 2078 933 2139 saepc
948 2057 1079 2120 libenter

247 2158 421 2222 Obtulerim
438 2157 505 2234 tibi,
522 2158 690 2233 lllaecenas,
706 2170 743 2219 ut
757 2156 836 2220 forte
850 2158 1002 2240 legentem

247 2261 312 2322 Aut
327 2260 453 2322 tacitum
470 2259 609 2343 impellat
624 2259 736 2343 quovis
747 2281 887 2323 sermone
904 2261 1075 2323 molestus?
1195 2258 1238 2324 65

247 2360 414 2424 Communi
431 2383 522 2425 sensu
536 2361 629 2445 plane
644 2375 738 2437 caret,
755 2361 920 2445 inquimus.
964 2361 1058 2424 Eheu

248 2461 349 2537 Quam
368 2475 481 2526 temere
498 2464 529 2525 in
546 2477 666 2526 nosmet
682 2463 781 2546 legem
799 2464 951 2527 sancimus
966 2459 1123 2548 iniquam!

247 2564 330 2625 Nam
346 2563 430 2625 vitiis
445 2585 535 2626 nemo
551 2565 616 2626 sine
632 2565 784 2626 nascitur:
803 2566 938 2646 optimus
954 2564 1006 2626 ille
1020 2577 1077 2640 est,

248 2663 312 2739 Qui
326 2663 463 2736 minimis
479 2678 640 2746 urguetur.
687 2665 815 2726 Amicus
830 2665 940 2739 dulcis,
957 2677 992 2726 ut
1007 2686 1129 2747 aequum
1146 2678 1203 2740 est,

248 2763 329 2824 Cum
345 2784 413 2825 mea
428 2778 605 2845 compenset
620 2763 704 2824 vitiis
720 2764 809 2836 bona,
826 2763 966 2845 pluribus
981 2762 1065 2826 hisce
1196 2765 1240 2844 70

248 2861 295 2941 (Si
311 2864 402 2925 modo
417 2863 506 2946 plura
521 2862 599 2924 mibi
615 2864 694 2924 bona
710 2867 797 2944 sunt)
814 2863 952 2938 inclinet,
970 2863 1065 2924 amari

248 2962 282 3027 Si
297 2964 393 3027 volet:
413 2963 472 3026 hac
487 2963 566 3047 lege,
582 2964 613 3025 in
628 2962 745 3025 trutina
760 2974 891 3044 ponetur
906 2961 1022 3024 eedem.

246 3066 309 3142 Qui
323 3088 363 3129 ne
379 3065 538 3129 tuberibus
552 3064 683 3148 propriis
697 3063 833 3126 offendat
847 3062 979 3125 amicum

247 3167 401 3244 Postulat,
416 3168 556 3251 ignoscet
568 3166 702 3230 verrucis
716 3165 818 3228 illius:
836 3185 959 3246 aequum
975 3175 1032 3238 est,

245 3268 387 3331 Peccatis
401 3268 522 3331 veniam
538 3281 712 3350 poscentem
728 3265 854 3328 reddere
869 3285 983 3327 rursus.
1193 3264 1236 3346 75

244 3369 399 3452 Denique,
415 3381 567 3452 quatenus
583 3368 684 3432 excidi
699 3367 823 3451 penitus
838 3367 947 3429 vitium
963 3367 1028 3442 iroe,

174 3484 175 3487 ’
244 3471 367 3532 Caetera
381 3469 453 3532 item
470 3482 628 3554 nequeunt
643 3469 747 3532 stultis
761 3468 929 3532 haerentia:
948 3491 1002 3531 cur
1017 3490 1078 3530 nou

243 3569 436 3640 Ponderibus
447 3560 645 3655 ¹modulisque
660 3571 723 3634 suis
737 3571 816 3635 ratio
831 3566 954 3634 utitur?
969 3592 1004 3633 ac
1019 3592 1067 3633 res

243 3670 293 3733 Ut
305 3692 437 3754 quaeque
450 3684 508 3748 cst,
523 3672 568 3735 ita
583 3673 742 3756 suppliciis
756 3674 871 3736 delicta
885 3672 1024 3735 coercet?

246 3770 283 3834 Si
297 3772 365 3854 quis
382 3793 452 3834 enm
467 3795 600 3852 servum,
615 3773 752 3857 patinam
769 3775 822 3857 qui
840 3774 946 3837 tollere
955 3775 1062 3856 jussus
1192 3777 1235 3837 80

245 3874 385 3939 Semeros
400 3872 499 3954 pisces
514 3874 715 3957 tepidumque
730 3875 896 3956 ligurrierit
902 3876 968 3958 jus,

243 3973 283 4035 In
299 3995 388 4037 cruce
403 3973 538 4057 suffigat,
555 3976 698 4039 Labeone
712 3975 847 4038 insanior
863 3976 942 4038 inter

243 4076 339 4138 Sanos
354 4075 487 4139 dicatur.
533 4080 657 4154 Quanto
673 4077 732 4140 hoc
747 4076 892 4140 furiosius
907 4091 998 4161 atque

240 4175 351 4259 Majus
367 4189 527 4258 peccatum
544 4177 613 4241 est?
661 4179 794 4242 Paulum
810 4180 941 4265 deliquit
955 4180 1091 4253 amicus;
