<?xml version="1.0" encoding="UTF-8"?>
<!DOCTYPE html PUBLIC "-//W3C//DTD XHTML 1.0 Transitional//EN"
    "http://www.w3.org/TR/xhtml1/DTD/xhtml1-transitional.dtd">
<html xmlns="http://www.w3.org/1999/xhtml" xml:lang="en" lang="en">
 <head>
  <title>
</title>
<meta http-equiv="Content-Type" content="text/html;charset=utf-8" />
  <meta name='ocr-system' content='tesseract 3.04.00' />
  <meta name='ocr-capabilities' content='ocr_page ocr_carea ocr_par ocr_line ocrx_word'/>
</head>
<body>
  <div class='ocr_page' id='page_1' title='image "./horatiusrestitu00tategoog_0303.png"; bbox 0 0 2872 5010; ppageno 0'>
   <div class='ocr_carea' id='block_1_1' title="bbox 251 523 923 590">
    <p class='ocr_par' dir='ltr' id='par_1_1' title="bbox 251 523 923 590">
     <span class='ocr_line' id='line_1_1' title="bbox 251 523 923 590; baseline 0.01 -10"><span class='ocrx_word' id='word_1_1' title='bbox 251 523 294 590; x_wconf 85' lang='grc'><strong>68</strong></span> <span class='ocrx_word' id='word_1_2' title='bbox 575 540 606 590; x_wconf 80' lang='lat' dir='ltr'><strong>u.</strong></span> <span class='ocrx_word' id='word_1_3' title='bbox 630 542 776 584; x_wconf 78' lang='lat' dir='ltr'><strong>nonanti</strong></span> <span class='ocrx_word' id='word_1_4' title='bbox 800 541 923 586; x_wconf 74' lang='lat' dir='ltr'><strong>nuncet</strong></span> 
     </span>
    </p>
   </div>
   <div class='ocr_carea' id='block_1_2' title="bbox 294 691 952 1287">
    <p class='ocr_par' dir='ltr' id='par_1_2' title="bbox 294 691 952 860">
     <span class='ocr_line' id='line_1_2' title="bbox 294 691 952 758; baseline -0.006 -1"><span class='ocrx_word' id='word_1_5' title='bbox 294 695 362 758; x_wconf 90' lang='lat' dir='ltr'><strong>Nee</strong></span> <span class='ocrx_word' id='word_1_6' title='bbox 376 714 489 757; x_wconf 82' lang='lat' dir='ltr'><strong>munus</strong></span> <span class='ocrx_word' id='word_1_7' title='bbox 503 692 642 757; x_wconf 77' lang='lat' dir='ltr'><strong>humeris</strong></span> <span class='ocrx_word' id='word_1_8' title='bbox 656 691 788 756; x_wconf 78' lang='lat' dir='ltr'><strong>efficacia</strong></span> <span class='ocrx_word' id='word_1_9' title='bbox 804 691 952 756; x_wconf 82' lang='lat' dir='ltr'><strong>Herculis</strong></span> 
     </span>
     <span class='ocr_line' id='line_1_3' title="bbox 339 795 641 860; baseline -0.013 0"><span class='ocrx_word' id='word_1_10' title='bbox 339 797 454 860; x_wconf 80' lang='lat' dir='ltr'><strong>Inarsit</strong></span> <span class='ocrx_word' id='word_1_11' title='bbox 470 795 641 859; x_wconf 82' lang='lat' dir='ltr'><strong>aestuosiue.</strong></span> 
     </span>
    </p>

    <p class='ocr_par' dir='ltr' id='par_1_3' title="bbox 295 897 940 1085">
     <span class='ocr_line' id='line_1_4' title="bbox 295 897 940 984; baseline -0.005 -21"><span class='ocrx_word' id='word_1_12' title='bbox 295 902 353 977; x_wconf 78' lang='lat' dir='ltr'><strong>At,</strong></span> <span class='ocrx_word' id='word_1_13' title='bbox 370 899 472 984; x_wconf 75' lang='lat' dir='ltr'><strong>siquid</strong></span> <span class='ocrx_word' id='word_1_14' title='bbox 489 920 622 982; x_wconf 85' lang='lat' dir='ltr'><strong>unquam</strong></span> <span class='ocrx_word' id='word_1_15' title='bbox 640 897 701 961; x_wconf 79' lang='lat' dir='ltr'><strong>talc</strong></span> <span class='ocrx_word' id='word_1_16' title='bbox 717 897 940 981; x_wconf 77' lang='lat' dir='ltr'><strong>concupiveris,</strong></span> 
     </span>
     <span class='ocr_line' id='line_1_5' title="bbox 337 1002 758 1085; baseline -0.007 -22"><span class='ocrx_word' id='word_1_17' title='bbox 337 1003 358 1063; x_wconf 87' lang='lat' dir='ltr'>J</span> <span class='ocrx_word' id='word_1_18' title='bbox 362 1023 450 1064; x_wconf 85' lang='lat' dir='ltr'><strong>ocose</strong></span> <span class='ocrx_word' id='word_1_19' title='bbox 466 1002 635 1077; x_wconf 70' lang='lat' dir='ltr'><strong>Maecenas,</strong></span> <span class='ocrx_word' id='word_1_20' title='bbox 650 1020 758 1085; x_wconf 86' lang='lat' dir='ltr'>precor</span> 
     </span>
    </p>

    <p class='ocr_par' dir='ltr' id='par_1_4' title="bbox 295 1102 880 1287">
     <span class='ocr_line' id='line_1_6' title="bbox 295 1102 880 1188; baseline -0.009 -22"><span class='ocrx_word' id='word_1_21' title='bbox 295 1105 426 1166; x_wconf 87' lang='lat' dir='ltr'><strong>Manum</strong></span> <span class='ocrx_word' id='word_1_22' title='bbox 443 1103 547 1188; x_wconf 85' lang='lat' dir='ltr'><strong>puelia</strong></span> <span class='ocrx_word' id='word_1_23' title='bbox 562 1102 646 1166; x_wconf 86' lang='lat' dir='ltr'><strong>savio</strong></span> <span class='ocrx_word' id='word_1_24' title='bbox 661 1114 798 1185; x_wconf 79' lang='lat' dir='ltr'><strong>opponat</strong></span> <span class='ocrx_word' id='word_1_25' title='bbox 814 1115 880 1176; x_wconf 85' lang='lat' dir='ltr'><strong>tuo,</strong></span> 
     </span>
     <span class='ocr_line' id='line_1_7' title="bbox 336 1201 833 1287; baseline -0.006 -20"><span class='ocrx_word' id='word_1_26' title='bbox 336 1205 486 1267; x_wconf 85' lang='lat' dir='ltr'><strong>Extrema</strong></span> <span class='ocrx_word' id='word_1_27' title='bbox 501 1218 532 1267; x_wconf 91' lang='lat' dir='ltr'><strong>et</strong></span> <span class='ocrx_word' id='word_1_28' title='bbox 547 1204 579 1267; x_wconf 86' lang='lat' dir='ltr'><strong>in</strong></span> <span class='ocrx_word' id='word_1_29' title='bbox 596 1203 714 1287; x_wconf 87' lang='lat' dir='ltr'><strong>sponda</strong></span> <span class='ocrx_word' id='word_1_30' title='bbox 729 1201 833 1265; x_wconf 85' lang='lat' dir='ltr'><strong>cubet.</strong></span> 
     </span>
    </p>
   </div>
   <div class='ocr_carea' id='block_1_3' title="bbox 636 1680 858 1760">
    <p class='ocr_par' dir='ltr' id='par_1_5' title="bbox 636 1680 858 1760">
     <span class='ocr_line' id='line_1_8' title="bbox 636 1680 858 1760; baseline 0.023 -17"><span class='ocrx_word' id='word_1_31' title='bbox 636 1684 694 1744; x_wconf 87' lang='lat' dir='ltr'><strong>IV.</strong></span> <span class='ocrx_word' id='word_1_32' title='bbox 741 1680 794 1760; x_wconf 77' lang='lat' dir='ltr'><strong>(u.</strong></span> <span class='ocrx_word' id='word_1_33' title='bbox 819 1688 858 1759; x_wconf 75' lang='grc' dir='ltr'><strong>ι.)</strong></span> 
     </span>
    </p>
   </div>
   <div class='ocr_carea' id='block_1_4' title="bbox 444 1869 1045 1925">
    <p class='ocr_par' dir='ltr' id='par_1_6' title="bbox 444 1869 1045 1925">
     <span class='ocr_line' id='line_1_9' title="bbox 444 1869 1045 1925; baseline 0.008 -16"><span class='ocrx_word' id='word_1_34' title='bbox 444 1869 491 1910; x_wconf 75' lang='grc' dir='ltr'><strong>ΑΙ)</strong></span> <span class='ocrx_word' id='word_1_35' title='bbox 516 1870 661 1925; x_wconf 69' lang='lat' dir='ltr'>UNAM,</span> <span class='ocrx_word' id='word_1_36' title='bbox 686 1871 828 1912; x_wconf 67' lang='lat' dir='ltr'><strong>nonnuli</strong></span> <span class='ocrx_word' id='word_1_37' title='bbox 854 1873 1045 1917; x_wconf 72' lang='lat' dir='ltr'><strong>munitlun.</strong></span> 
     </span>
    </p>
   </div>
   <div class='ocr_carea' id='block_1_5' title="bbox 294 2033 939 2326">
    <p class='ocr_par' dir='ltr' id='par_1_7' title="bbox 294 2033 939 2326">
     <span class='ocr_line' id='line_1_10' title="bbox 295 2033 939 2122; baseline 0.008 -26"><span class='ocrx_word' id='word_1_38' title='bbox 295 2033 399 2096; x_wconf 79' lang='lat' dir='ltr'><strong>Luem</strong></span> <span class='ocrx_word' id='word_1_39' title='bbox 413 2048 444 2097; x_wconf 87' lang='lat' dir='ltr'><strong>ct</strong></span> <span class='ocrx_word' id='word_1_40' title='bbox 458 2035 547 2118; x_wconf 82' lang='lat' dir='ltr'><strong>agnis</strong></span> <span class='ocrx_word' id='word_1_41' title='bbox 562 2048 678 2120; x_wconf 87' lang='lat' dir='ltr'><strong>quanta</strong></span> <span class='ocrx_word' id='word_1_42' title='bbox 693 2036 800 2099; x_wconf 81' lang='lat' dir='ltr'><strong>sortito</strong></span> <span class='ocrx_word' id='word_1_43' title='bbox 815 2038 939 2122; x_wconf 80' lang='lat' dir='ltr'><strong>obtigit,</strong></span> 
     </span>
     <span class='ocr_line' id='line_1_11' title="bbox 335 2136 790 2215; baseline 0 -15"><span class='ocrx_word' id='word_1_44' title='bbox 335 2136 453 2201; x_wconf 86' lang='lat' dir='ltr'><strong>Tecum</strong></span> <span class='ocrx_word' id='word_1_45' title='bbox 468 2136 547 2201; x_wconf 88' lang='lat' dir='ltr'><strong>mihi</strong></span> <span class='ocrx_word' id='word_1_46' title='bbox 561 2137 716 2203; x_wconf 80' lang='lat' dir='ltr'><strong>discordia</strong></span> <span class='ocrx_word' id='word_1_47' title='bbox 731 2151 790 2215; x_wconf 87' lang='lat' dir='ltr'><strong>est,</strong></span> 
     </span>
     <span class='ocr_line' id='line_1_12' title="bbox 294 2239 809 2326; baseline 0.002 -22"><span class='ocrx_word' id='word_1_48' title='bbox 294 2239 424 2305; x_wconf 85' lang='lat' dir='ltr'><strong>Ibericio</strong></span> <span class='ocrx_word' id='word_1_49' title='bbox 438 2255 562 2326; x_wconf 85' lang='lat' dir='ltr'><strong>peruste</strong></span> <span class='ocrx_word' id='word_1_50' title='bbox 575 2240 702 2305; x_wconf 80' lang='lat' dir='ltr'><strong>funibus</strong></span> <span class='ocrx_word' id='word_1_51' title='bbox 717 2240 809 2319; x_wconf 85' lang='lat' dir='ltr'><strong>latus,</strong></span> 
     </span>
    </p>
   </div>
   <div class='ocr_carea' id='block_1_6' title="bbox 288 2344 943 3858">
    <p class='ocr_par' dir='ltr' id='par_1_8' title="bbox 336 2344 750 2429">
     <span class='ocr_line' id='line_1_13' title="bbox 336 2344 750 2429; baseline 0 -22"><span class='ocrx_word' id='word_1_52' title='bbox 336 2345 382 2408; x_wconf 87' lang='lat' dir='ltr'><strong>Et</strong></span> <span class='ocrx_word' id='word_1_53' title='bbox 397 2366 486 2409; x_wconf 89' lang='lat' dir='ltr'><strong>crura</strong></span> <span class='ocrx_word' id='word_1_54' title='bbox 499 2344 578 2410; x_wconf 85' lang='lat' dir='ltr'><strong>dura</strong></span> <span class='ocrx_word' id='word_1_55' title='bbox 592 2346 750 2429; x_wconf 88' lang='lat' dir='ltr'><strong>compede.</strong></span> 
     </span>
    </p>

    <p class='ocr_par' dir='ltr' id='par_1_9' title="bbox 294 2445 862 2635">
     <span class='ocr_line' id='line_1_14' title="bbox 294 2445 862 2533; baseline 0.007 -24"><span class='ocrx_word' id='word_1_56' title='bbox 294 2445 386 2510; x_wconf 82' lang='lat' dir='ltr'><strong>Licet</strong></span> <span class='ocrx_word' id='word_1_57' title='bbox 401 2447 550 2532; x_wconf 77' lang='lat' dir='ltr'><strong>superbus</strong></span> <span class='ocrx_word' id='word_1_58' title='bbox 565 2449 705 2513; x_wconf 76' lang='lat' dir='ltr'><strong>ambules</strong></span> <span class='ocrx_word' id='word_1_59' title='bbox 720 2449 862 2533; x_wconf 88' lang='lat' dir='ltr'><strong>pecunia,</strong></span> 
     </span>
     <span class='ocr_line' id='line_1_15' title="bbox 336 2549 791 2635; baseline 0.004 -25"><span class='ocrx_word' id='word_1_60' title='bbox 336 2549 477 2612; x_wconf 84' lang='lat' dir='ltr'><strong>Fortuna</strong></span> <span class='ocrx_word' id='word_1_61' title='bbox 491 2570 551 2612; x_wconf 93' lang='lat' dir='ltr'><strong>non</strong></span> <span class='ocrx_word' id='word_1_62' title='bbox 568 2564 669 2615; x_wconf 86' lang='lat' dir='ltr'><strong>mutat</strong></span> <span class='ocrx_word' id='word_1_63' title='bbox 682 2572 791 2635; x_wconf 73' lang='lat' dir='ltr'><strong>genno.</strong></span> 
     </span>
    </p>

    <p class='ocr_par' dir='ltr' id='par_1_10' title="bbox 293 2649 879 2834">
     <span class='ocr_line' id='line_1_16' title="bbox 293 2649 879 2728; baseline 0.007 -17"><span class='ocrx_word' id='word_1_64' title='bbox 293 2649 441 2728; x_wconf 77' lang='lat' dir='ltr'><strong>Videsne,</strong></span> <span class='ocrx_word' id='word_1_65' title='bbox 458 2673 572 2715; x_wconf 79' lang='lat' dir='ltr'><strong>sacram</strong></span> <span class='ocrx_word' id='word_1_66' title='bbox 588 2653 736 2717; x_wconf 79' lang='lat' dir='ltr'><strong>metiente</strong></span> <span class='ocrx_word' id='word_1_67' title='bbox 752 2664 782 2714; x_wconf 89' lang='lat' dir='ltr'><strong>te</strong></span> <span class='ocrx_word' id='word_1_68' title='bbox 798 2652 879 2716; x_wconf 87' lang='lat' dir='ltr'><strong>viam</strong></span> 
     </span>
     <span class='ocr_line' id='line_1_17' title="bbox 335 2751 798 2834; baseline 0 -20"><span class='ocrx_word' id='word_1_69' title='bbox 335 2751 417 2815; x_wconf 91' lang='lat' dir='ltr'><strong>Cum</strong></span> <span class='ocrx_word' id='word_1_70' title='bbox 433 2752 481 2816; x_wconf 83' lang='lat' dir='ltr'><strong>bie</strong></span> <span class='ocrx_word' id='word_1_71' title='bbox 496 2766 542 2817; x_wconf 84' lang='lat' dir='ltr'><strong>ter</strong></span> <span class='ocrx_word' id='word_1_72' title='bbox 557 2753 698 2817; x_wconf 88' lang='lat' dir='ltr'><strong>ulnarum</strong></span> <span class='ocrx_word' id='word_1_73' title='bbox 715 2767 798 2834; x_wconf 82' lang='lat' dir='ltr'><strong>toga,</strong></span> 
     </span>
    </p>

    <p class='ocr_par' dir='ltr' id='par_1_11' title="bbox 291 2851 875 3036">
     <span class='ocr_line' id='line_1_18' title="bbox 291 2851 875 2916; baseline -0.003 0"><span class='ocrx_word' id='word_1_74' title='bbox 291 2852 339 2916; x_wconf 91' lang='lat' dir='ltr'><strong>Ut</strong></span> <span class='ocrx_word' id='word_1_75' title='bbox 353 2874 406 2916; x_wconf 88' lang='lat' dir='ltr'><strong>ora</strong></span> <span class='ocrx_word' id='word_1_76' title='bbox 421 2865 521 2916; x_wconf 86' lang='lat' dir='ltr'><strong>vertat</strong></span> <span class='ocrx_word' id='word_1_77' title='bbox 534 2851 597 2915; x_wconf 90' lang='lat' dir='ltr'><strong>huc</strong></span> <span class='ocrx_word' id='word_1_78' title='bbox 612 2867 642 2915; x_wconf 88' lang='lat' dir='ltr'><strong>et</strong></span> <span class='ocrx_word' id='word_1_79' title='bbox 657 2852 719 2915; x_wconf 92' lang='lat' dir='ltr'><strong>huc</strong></span> <span class='ocrx_word' id='word_1_80' title='bbox 734 2852 875 2914; x_wconf 88' lang='lat' dir='ltr'><strong>euntium</strong></span> 
     </span>
     <span class='ocr_line' id='line_1_19' title="bbox 336 2951 720 3036; baseline -0.005 -20"><span class='ocrx_word' id='word_1_81' title='bbox 336 2951 510 3019; x_wconf 87' lang='lat' dir='ltr'><strong>Liberrima</strong></span> <span class='ocrx_word' id='word_1_82' title='bbox 524 2952 720 3036; x_wconf 78' lang='lat' dir='ltr'><strong>indignatio?</strong></span> 
     </span>
    </p>

    <p class='ocr_par' dir='ltr' id='par_1_12' title="bbox 293 3052 907 3234">
     <span class='ocr_line' id='line_1_20' title="bbox 293 3052 907 3142; baseline -0.011 -18"><span class='ocrx_word' id='word_1_83' title='bbox 293 3058 403 3124; x_wconf 82' lang='lat' dir='ltr'><strong>sectus</strong></span> <span class='ocrx_word' id='word_1_84' title='bbox 417 3055 548 3142; x_wconf 76' lang='lat' dir='ltr'><strong>flagellis</strong></span> <span class='ocrx_word' id='word_1_85' title='bbox 564 3054 615 3119; x_wconf 95' lang='lat' dir='ltr'><strong>hic</strong></span> <span class='ocrx_word' id='word_1_86' title='bbox 631 3052 907 3133; x_wconf 78' lang='lat' dir='ltr'><strong>&#39;l&#39;riumviralibus‚</strong></span> 
     </span>
     <span class='ocr_line' id='line_1_21' title="bbox 332 3155 727 3234; baseline -0.018 -10"><span class='ocrx_word' id='word_1_87' title='bbox 332 3158 489 3224; x_wconf 82' lang='lat' dir='ltr'><strong>Praecouie</strong></span> <span class='ocrx_word' id='word_1_88' title='bbox 503 3157 544 3220; x_wconf 82' lang='lat' dir='ltr'><strong>ad</strong></span> <span class='ocrx_word' id='word_1_89' title='bbox 557 3155 727 3234; x_wconf 83' lang='lat' dir='ltr'><strong>fastidium,</strong></span> 
     </span>
    </p>

    <p class='ocr_par' dir='ltr' id='par_1_13' title="bbox 289 3258 852 3448">
     <span class='ocr_line' id='line_1_22' title="bbox 289 3258 852 3343; baseline -0.009 -16"><span class='ocrx_word' id='word_1_90' title='bbox 289 3265 367 3327; x_wconf 76' lang='lat' dir='ltr'><strong>Anat</strong></span> <span class='ocrx_word' id='word_1_91' title='bbox 382 3260 508 3326; x_wconf 76' lang='lat' dir='ltr'><strong>Falerni</strong></span> <span class='ocrx_word' id='word_1_92' title='bbox 524 3259 608 3322; x_wconf 92' lang='lat' dir='ltr'><strong>mille</strong></span> <span class='ocrx_word' id='word_1_93' title='bbox 623 3258 712 3322; x_wconf 88' lang='lat' dir='ltr'><strong>fundi</strong></span> <span class='ocrx_word' id='word_1_94' title='bbox 728 3259 852 3343; x_wconf 81' lang='lat' dir='ltr'><strong>jugera,</strong></span> 
     </span>
     <span class='ocr_line' id='line_1_23' title="bbox 332 3360 775 3448; baseline -0.009 -20"><span class='ocrx_word' id='word_1_95' title='bbox 332 3366 378 3428; x_wconf 86' lang='lat' dir='ltr'><strong>Et</strong></span> <span class='ocrx_word' id='word_1_96' title='bbox 395 3363 530 3448; x_wconf 87' lang='lat' dir='ltr'><strong>Appiam</strong></span> <span class='ocrx_word' id='word_1_97' title='bbox 545 3360 666 3425; x_wconf 84' lang='lat' dir='ltr'><strong>mannis</strong></span> <span class='ocrx_word' id='word_1_98' title='bbox 683 3361 775 3434; x_wconf 79' lang='lat' dir='ltr'><strong>terit;</strong></span> 
     </span>
    </p>

    <p class='ocr_par' dir='ltr' id='par_1_14' title="bbox 292 3462 943 3650">
     <span class='ocr_line' id='line_1_24' title="bbox 292 3462 943 3552; baseline 0.002 -21"><span class='ocrx_word' id='word_1_99' title='bbox 292 3462 509 3550; x_wconf 83' lang='lat' dir='ltr'><strong>Sedilibuoque</strong></span> <span class='ocrx_word' id='word_1_100' title='bbox 524 3484 655 3548; x_wconf 83' lang='lat' dir='ltr'><strong>magnus</strong></span> <span class='ocrx_word' id='word_1_101' title='bbox 669 3462 701 3526; x_wconf 89' lang='lat' dir='ltr'><strong>in</strong></span> <span class='ocrx_word' id='word_1_102' title='bbox 717 3464 824 3549; x_wconf 86' lang='lat' dir='ltr'><strong>primis</strong></span> <span class='ocrx_word' id='word_1_103' title='bbox 840 3488 943 3552; x_wconf 86' lang='lat' dir='ltr'><strong>eques,</strong></span> 
     </span>
     <span class='ocr_line' id='line_1_25' title="bbox 331 3566 771 3650; baseline -0.005 -16"><span class='ocrx_word' id='word_1_104' title='bbox 331 3566 457 3634; x_wconf 81' lang='lat' dir='ltr'><strong>Othone</strong></span> <span class='ocrx_word' id='word_1_105' title='bbox 471 3579 658 3650; x_wconf 89' lang='lat' dir='ltr'><strong>contempto,</strong></span> <span class='ocrx_word' id='word_1_106' title='bbox 675 3567 771 3632; x_wconf 87' lang='lat' dir='ltr'><strong>sedet.</strong></span> 
     </span>
    </p>

    <p class='ocr_par' dir='ltr' id='par_1_15' title="bbox 288 3671 872 3858">
     <span class='ocr_line' id='line_1_26' title="bbox 288 3671 872 3759; baseline -0.002 -22"><span class='ocrx_word' id='word_1_107' title='bbox 288 3671 373 3753; x_wconf 83' lang='lat' dir='ltr'><strong>Quid</strong></span> <span class='ocrx_word' id='word_1_108' title='bbox 387 3671 499 3736; x_wconf 79' lang='lat' dir='ltr'><strong>attinet</strong></span> <span class='ocrx_word' id='word_1_109' title='bbox 515 3683 561 3734; x_wconf 91' lang='lat' dir='ltr'><strong>tot</strong></span> <span class='ocrx_word' id='word_1_110' title='bbox 575 3693 628 3735; x_wconf 90' lang='lat' dir='ltr'><strong>ora</strong></span> <span class='ocrx_word' id='word_1_111' title='bbox 643 3671 768 3737; x_wconf 84' lang='lat' dir='ltr'><strong>navium</strong></span> <span class='ocrx_word' id='word_1_112' title='bbox 784 3673 872 3759; x_wconf 74' lang='lat' dir='ltr'><strong>gravi</strong></span> 
     </span>
     <span class='ocr_line' id='line_1_27' title="bbox 330 3773 714 3858; baseline 0.005 -21"><span class='ocrx_word' id='word_1_113' title='bbox 330 3773 477 3838; x_wconf 77' lang='lat' dir='ltr'><strong>Rostrata</strong></span> <span class='ocrx_word' id='word_1_114' title='bbox 492 3773 564 3836; x_wconf 91' lang='lat' dir='ltr'><strong>duci</strong></span> <span class='ocrx_word' id='word_1_115' title='bbox 579 3775 714 3858; x_wconf 89' lang='lat' dir='ltr'><strong>pondere</strong></span> 
     </span>
    </p>
   </div>
   <div class='ocr_carea' id='block_1_7' title="bbox 290 3857 976 4053">
    <p class='ocr_par' dir='ltr' id='par_1_16' title="bbox 290 3857 976 4053">
     <span class='ocr_line' id='line_1_28' title="bbox 290 3857 976 3959; baseline -0.003 -15"><span class='ocrx_word' id='word_1_116' title='bbox 290 3880 408 3944; x_wconf 88' lang='lat' dir='ltr'><strong>Contra</strong></span> <span class='ocrx_word' id='word_1_117' title='bbox 424 3875 559 3940; x_wconf 86' lang='lat' dir='ltr'><strong>latrones</strong></span> <span class='ocrx_word' id='word_1_118' title='bbox 575 3888 667 3959; x_wconf 90' lang='lat' dir='ltr'><strong>atque</strong></span> <span class='ocrx_word' id='word_1_119' title='bbox 682 3857 824 3941; x_wconf 86' lang='lat' dir='ltr'><strong>servilem</strong></span> <span class='ocrx_word' id='word_1_120' title='bbox 840 3901 976 3952; x_wconf 83' lang='lat' dir='ltr'><strong>manum,</strong></span> 
     </span>
     <span class='ocr_line' id='line_1_29' title="bbox 331 3971 866 4053; baseline -0.017 -12"><span class='ocrx_word' id='word_1_121' title='bbox 331 3978 414 4053; x_wconf 85' lang='lat' dir='ltr'><strong>Hoc,</strong></span> <span class='ocrx_word' id='word_1_122' title='bbox 430 3972 489 4038; x_wconf 91' lang='lat' dir='ltr'><strong>hoc</strong></span> <span class='ocrx_word' id='word_1_123' title='bbox 504 3971 629 4036; x_wconf 90' lang='lat' dir='ltr'><strong>tribuno</strong></span> <span class='ocrx_word' id='word_1_124' title='bbox 645 3972 804 4035; x_wconf 88' lang='lat' dir='ltr'><strong>militum?</strong></span> <span class='ocrx_word' id='word_1_125' title='bbox 863 3989 866 3997; x_wconf 80' lang='grc'><strong>’</strong></span> 
     </span>
    </p>
   </div>
   <div class='ocr_carea' id='block_1_8' title="bbox 515 4209 890 4224">
    <p class='ocr_par' dir='ltr' id='par_1_17' title="bbox 515 4209 890 4224">
     <span class='ocr_line' id='line_1_30' title="bbox 515 4209 890 4224; baseline 0.003 -4"><span class='ocrx_word' id='word_1_126' title='bbox 515 4209 890 4224; x_wconf 65' lang='lat' dir='ltr'><strong>-n———n-</strong></span> 
     </span>
    </p>
   </div>
   <div class='ocr_carea' id='block_1_9' title="bbox 0 0 1440 5010">
    <p class='ocr_par' dir='ltr' id='par_1_18' title="bbox 0 0 1440 5010">
     <span class='ocr_line' id='line_1_31' title="bbox 0 0 1440 5010; baseline 0 1"><span class='ocrx_word' id='word_1_127' title='bbox 0 0 1440 5010; x_wconf 95' lang='lat' dir='ltr'><strong> </strong></span> 
     </span>
    </p>
   </div>
  </div>
 </body>
</html>
