2872 5010
275 455 338 520 rot
600 481 631 525 u.
654 475 803 523 norsrra
829 480 952 526 rancor

317 627 397 692 Late
412 629 611 712 conspicuum
628 629 736 695 tollere
749 631 906 711 verticem,

444 730 614 811 Maecenas,
628 732 769 818 equitum
782 734 889 799 decus

315 834 441 909 Quanto
455 832 584 919 quisque
598 834 657 898 sibi
672 834 762 918 plura
773 833 945 918 negaverit,

315 934 348 994 A
364 933 436 997 Diis
450 934 540 1017 plura
554 935 641 1000 feret.
686 937 743 1000 Nil
757 936 947 1020 cupientium

314 1036 428 1100 Nudus
442 1051 542 1102 carna
556 1053 647 1122 pero;
671 1052 703 1103 et
717 1037 888 1121 umetuga,
902 1035 1036 1100 diurna

442 1138 551 1204 Partes
565 1139 705 1224 linquere
718 1138 829 1223 gestio,

314 1240 488 1304 Contemtoe
502 1240 645 1304 dominus
660 1239 851 1324 splendidior
863 1240 920 1315 rei,

243 1386 248 1395 ·
312 1343 413 1418 Quam
428 1341 454 1406 si
469 1341 616 1428 quioquid
630 1356 697 1407 arat
710 1341 843 1426 impiger
858 1342 1006 1426 Appulus

313 1442 479 1508 Occultare
495 1445 571 1510 meis
584 1444 702 1510 dicerer
716 1444 845 1520 horreis,

442 1547 579 1631 Magnes
592 1546 674 1611 inter
688 1568 762 1631 opes
775 1546 874 1631 inops.

313 1646 407 1712 l‘urae
422 1648 507 1713 rivus
522 1671 610 1734 aquoe
625 1648 763 1734 silvaque
772 1648 917 1733 jugerum

314 1748 501 1830 Paucorum,
513 1765 544 1816 et
559 1752 672 1836 segetis
688 1765 772 1816 certa
786 1750 863 1814 fides
878 1770 966 1826 mem,

314 1850 500 1935 Fulgentem
517 1853 645 1937 imperio
658 1853 768 1917 fertilis
783 1851 902 1916 Africae

445 1954 542 2019 Fallit
555 1968 637 2018 sorte
651 1956 777 2019 beatior.

312 2058 506 2141 Quamquam
522 2078 579 2122 nec
595 2057 736 2121 Calabrae
752 2056 844 2121 mella
858 2058 961 2119 ferunt
976 2074 1061 2135 apes,

313 2158 381 2223 Nec
397 2158 614 2246 Lestrygonia
630 2159 773 2224 Bacchus
788 2159 821 2223 in
836 2157 984 2243 amphora

315 2261 505 2348 Languescit
519 2261 608 2343 mihi,
624 2285 682 2330 nec
696 2261 825 2349 pinguia
840 2260 971 2330 Gallicis

442 2367 595 2431 Crescunt
610 2364 724 2432 vellera
738 2364 879 2451 pascuis;

315 2468 498 2553 Importunas
513 2481 616 2533 tamen
631 2468 793 2553 pauperies
807 2468 910 2532 abest:

313 2568 392 2644 Noc,
408 2568 434 2631 si
449 2568 538 2652 plura
554 2568 659 2646 velim,
676 2583 710 2634 tu
725 2567 799 2635 dare
812 2569 956 2655 deneges
1008 2588 1014 2602 ·

312 2670 481 2734 Contracto
495 2669 605 2734 melius
619 2692 715 2754 parva
729 2670 875 2755 cupidine

441 2768 612 2851 Vectigalia
627 2770 792 2853 porrigam,

287 2856 294 2899 ’·
312 2872 411 2948 Quam
428 2868 453 2932 si
470 2869 654 2952 Mygdoniis
668 2891 797 2953 regnum
814 2871 952 2955 Alyattei

311 2971 439 3056 Campis
453 2969 640 3035 continuem.
685 2963 816 3038 Murra
831 2971 1008 3055 petentibus

310 3075 435 3140 Desunt
450 3073 556 3140 multa.
602 3074 688 3139 Bene
703 3087 749 3139 est
764 3073 814 3138 cui
830 3074 918 3138 Deus
933 3073 1056 3137 obtulit

441 3179 541 3243 Parca
555 3178 639 3262 quod
654 3177 729 3243 satis
744 3191 791 3242 est
805 3198 910 3243 munu.

545 3544 641 3607 01)ss
664 3542 782 3607 XVII.
830 3539 983 3623 (ΜΠ.)
1086 3606 1089 3610 .

583 3743 630 3786 Al)
654 3741 768 3786 ,smum
794 3739 946 3784 naulum.

287 3904 291 3917 '
311 3893 403 3972 AEtt,
420 3902 541 3956 vetusto
555 3892 666 3957 nobilis
681 3892 720 3955 ab
737 3890 848 3959 Lamo,

311 3994 461 4076 (Quando
474 4009 505 4059 et
520 3993 634 4078 priores
650 3991 723 4055 hinc
740 3990 866 4053 Lamias
881 3991 983 4051 ferunt

352 4095 585 4173 nonominuos,
600 4104 632 4156 et
646 4106 791 4173 nepotum

397 4199 457 4264 l’er
473 4217 619 4264 memores
633 4212 731 4277 genus
747 4212 835 4256 omne
852 4191 945 4255 laetos
