2872 5010
474 472 663 518 casurunrr
688 472 756 515 mr.
773 474 796 515 r.
814 453 864 516 12.

216 627 301 706 Quid
316 626 404 711 priua
417 623 519 689 dicam
534 622 634 689 solitis
650 619 794 687 Parentis

216 727 405 793 Laudibus?
426 725 480 811 qui
495 748 544 790 res
559 725 720 790 hominum
735 746 772 790 ac
788 724 940 802 Deorum,

218 829 280 909 Qui
292 851 374 895 mue
389 841 420 894 et
436 841 543 904 terras,
560 827 715 912 variisque
727 826 877 893 mundum

346 934 517 1015 Temperat
531 926 634 992 horis:

218 1036 314 1099 Unde
328 1034 374 1097 nil
389 1033 489 1118 majus
502 1045 669 1116 generatur
682 1031 761 1116 ipso,

219 1138 286 1200 Nec
302 1136 387 1220 viget
402 1134 569 1219 quidquam
585 1133 697 1209 simile,
714 1148 768 1198 aut
783 1132 974 1199 secuudum:

217 1236 379 1301 Proximos
395 1234 441 1299 illi
458 1248 560 1299 tamen
576 1235 741 1319 occupavit

348 1338 454 1403 Pallas
467 1337 610 1402 honores.

218 1439 344 1504 Proeliis
359 1440 473 1516 audax,
489 1460 588 1523 neque
604 1451 634 1503 te
650 1439 758 1516 silebo,

219 1542 327 1620 Liber,
342 1555 374 1606 et
389 1540 480 1605 saevis
493 1540 619 1606 inimica
633 1540 722 1625 virgo

221 1643 349 1720 Beluis;
373 1665 431 1706 nec
447 1655 477 1706 te
492 1642 659 1707 metuende
673 1654 757 1706 certa

349 1744 471 1810 Phoebe
486 1743 611 1829 sagitta.

222 1847 334 1911 Dicam
349 1860 381 1911 et
396 1846 548 1919 Alcidcn;
573 1869 745 1932 puerosque
761 1847 871 1924 Ledae,

223 1951 320 2013 Hunc
336 1949 434 2034 equis,
450 1949 538 2013 illum
556 1971 701 2034 superare
715 1949 830 2036 pugnis

223 2044 385 2122 Nobilem;
410 2070 540 2133 quorum
557 2046 650 2113 simul
664 2046 735 2113 alba
750 2047 853 2112 nautis

351 2149 449 2214 Stella
462 2149 596 2227 refulsit,

222 2249 344 2315 Defluit
358 2251 440 2315 saxis
455 2251 590 2335 agitatus
604 2249 736 2324 humor;

223 2351 402 2415 Concidunt
415 2350 512 2427 venti,
527 2349 713 2437 fugiuntque
726 2352 836 2430 nubes,

223 2456 270 2520 Et
283 2455 389 2520 minax
405 2451 504 2540 (quod
519 2455 563 2520 sio
578 2455 719 2538 voluere)
736 2467 831 2539 ponto

352 2558 450 2622 Unda
463 2556 626 2622 recumbit.

224 2659 396 2723 Romulum
410 2672 481 2745 post
495 2658 552 2724 hos
566 2659 664 2745 prius,
679 2682 718 2726 an
733 2659 874 2747 quietum

225 2759 362 2848 Pompili
376 2784 505 2847 regnum
521 2783 700 2842 memorem,
716 2785 755 2828 an
767 2763 914 2849 superbos

225 2865 378 2952 Tarquini
392 2865 501 2942 fasces,
517 2866 637 2946 dubito,
653 2886 691 2930 an
708 2865 837 2931 Catonis

352 2967 466 3033 Nobile
479 2968 588 3033 letum.

225 3069 395 3154 Regulum,
411 3084 443 3135 et
459 3073 600 3151 Scauros,
617 3071 790 3157 animaeque
802 3092 924 3156 magna

224 3171 407 3257 Prodigum,
425 3173 527 3241 Poeno
542 3186 717 3258 superante,
733 3173 880 3252 Paulum,
1011 3203 1014 3208 ·

226 3276 344 3338 Gratus
358 3273 473 3360 insigni
488 3273 616 3340 referam
633 3277 782 3353 Camena,

355 3377 602 3463 Fabriciumque.

227 3481 335 3557 Hunc,
351 3492 382 3544 et
397 3479 540 3544 incomtis
555 3481 686 3545 Curium
701 3479 822 3566 capillis

225 3581 347 3646 Utilem
362 3581 443 3646 bello
458 3581 543 3660 tulit,
558 3595 590 3646 et
605 3582 773 3646 Camillum

228 3685 319 3748 Saeva
332 3696 509 3769 paupertas,
526 3697 556 3747 et
571 3683 674 3749 avitus
688 3697 761 3769 apto
854 3688 856 3692 ”

356 3787 437 3849 Cum
453 3785 517 3849 lare
531 3786 657 3849 fundus.

229 3885 360 3968 Crescit,
375 3886 496 3951 occulto
507 3887 593 3951 velut
607 3886 697 3952 arbor
711 3911 789 3968 sevo,

228 3990 329 4054 Fama
344 3987 506 4053 Marcelli:
530 3987 623 4053 micat
637 3989 718 4055 inter
732 4013 838 4058 omnes

226 4090 351 4156 dulium
367 4090 464 4165 sidus,
481 4091 567 4156 velut
580 4092 662 4158 inter
675 4093 763 4181 ignes

358 4195 451 4259 Luna
466 4194 609 4259 minores.
