<?xml version="1.0" encoding="UTF-8"?>
<!DOCTYPE html PUBLIC "-//W3C//DTD XHTML 1.0 Transitional//EN"
    "http://www.w3.org/TR/xhtml1/DTD/xhtml1-transitional.dtd">
<html xmlns="http://www.w3.org/1999/xhtml" xml:lang="en" lang="en">
 <head>
  <title>
</title>
<meta http-equiv="Content-Type" content="text/html;charset=utf-8" />
  <meta name='ocr-system' content='tesseract 3.04.00' />
  <meta name='ocr-capabilities' content='ocr_page ocr_carea ocr_par ocr_line ocrx_word'/>
</head>
<body>
  <div class='ocr_page' id='page_1' title='image "./horatiusrestitu00tategoog_0324.png"; bbox 0 0 2872 5010; ppageno 0'>
   <div class='ocr_carea' id='block_1_1' title="bbox 471 457 1169 525">
    <p class='ocr_par' dir='ltr' id='par_1_1' title="bbox 471 457 1169 525">
     <span class='ocr_line' id='line_1_1' title="bbox 471 457 1169 525; baseline -0.001 -6"><span class='ocrx_word' id='word_1_1' title='bbox 471 477 659 520; x_wconf 74' lang='lat' dir='ltr'>canutuuu</span> <span class='ocrx_word' id='word_1_2' title='bbox 685 475 753 518; x_wconf 76' lang='lat' dir='ltr'>ars.</span> <span class='ocrx_word' id='word_1_3' title='bbox 776 476 799 518; x_wconf 86' lang='lat' dir='ltr'>r.</span> <span class='ocrx_word' id='word_1_4' title='bbox 824 457 855 519; x_wconf 79' lang='lat'>4.</span> <span class='ocrx_word' id='word_1_5' title='bbox 1124 457 1169 525; x_wconf 83' lang='lat'>89</span> 
     </span>
    </p>
   </div>
   <div class='ocr_carea' id='block_1_2' title="bbox 216 626 972 1531">
    <p class='ocr_par' dir='ltr' id='par_1_2' title="bbox 217 626 822 813">
     <span class='ocr_line' id='line_1_2' title="bbox 258 626 822 711; baseline 0 -20"><span class='ocrx_word' id='word_1_6' title='bbox 258 627 437 711; x_wconf 87' lang='lat' dir='ltr'>Semotique</span> <span class='ocrx_word' id='word_1_7' title='bbox 450 626 536 711; x_wconf 88' lang='lat' dir='ltr'>priua</span> <span class='ocrx_word' id='word_1_8' title='bbox 552 627 641 691; x_wconf 88' lang='lat' dir='ltr'>tarda</span> <span class='ocrx_word' id='word_1_9' title='bbox 654 627 822 691; x_wconf 78' lang='lat' dir='ltr'>necessitas</span> 
     </span>
     <span class='ocr_line' id='line_1_3' title="bbox 217 729 610 813; baseline -0.008 -19"><span class='ocrx_word' id='word_1_10' title='bbox 217 730 290 794; x_wconf 88' lang='lat' dir='ltr'>Leti</span> <span class='ocrx_word' id='word_1_11' title='bbox 305 729 455 813; x_wconf 90' lang='lat' dir='ltr'>corripuit</span> <span class='ocrx_word' id='word_1_12' title='bbox 468 729 610 813; x_wconf 85' lang='lat' dir='ltr'>gradum.</span> 
     </span>
    </p>

    <p class='ocr_par' dir='ltr' id='par_1_3' title="bbox 216 831 812 997">
     <span class='ocr_line' id='line_1_4' title="bbox 259 831 812 917; baseline 0.002 -21"><span class='ocrx_word' id='word_1_13' title='bbox 259 834 557 917; x_wconf 82' lang='lat' dir='ltr'>Expertusvacuum</span> <span class='ocrx_word' id='word_1_14' title='bbox 570 831 726 896; x_wconf 80' lang='lat' dir='ltr'>Daedalus</span> <span class='ocrx_word' id='word_1_15' title='bbox 740 855 812 897; x_wconf 85' lang='lat' dir='ltr'>aera</span> 
     </span>
     <span class='ocr_line' id='line_1_5' title="bbox 216 932 659 997; baseline -0.005 0"><span class='ocrx_word' id='word_1_16' title='bbox 216 934 333 997; x_wconf 86' lang='lat' dir='ltr'>Pennis</span> <span class='ocrx_word' id='word_1_17' title='bbox 346 956 408 997; x_wconf 93' lang='lat' dir='ltr'>non</span> <span class='ocrx_word' id='word_1_18' title='bbox 424 932 543 997; x_wconf 89' lang='lat' dir='ltr'>homini</span> <span class='ocrx_word' id='word_1_19' title='bbox 558 933 659 997; x_wconf 87' lang='lat' dir='ltr'>datis:</span> 
     </span>
    </p>

    <p class='ocr_par' dir='ltr' id='par_1_4' title="bbox 217 1035 905 1204">
     <span class='ocr_line' id='line_1_6' title="bbox 258 1035 905 1121; baseline 0.002 -20"><span class='ocrx_word' id='word_1_20' title='bbox 258 1037 406 1121; x_wconf 87' lang='lat' dir='ltr'>Perrupit</span> <span class='ocrx_word' id='word_1_21' title='bbox 420 1035 599 1100; x_wconf 86' lang='lat' dir='ltr'>Acheronta</span> <span class='ocrx_word' id='word_1_22' title='bbox 614 1036 793 1102; x_wconf 87' lang='lat' dir='ltr'>Herculeus</span> <span class='ocrx_word' id='word_1_23' title='bbox 808 1038 905 1104; x_wconf 87' lang='lat' dir='ltr'>labor.</span> 
     </span>
     <span class='ocr_line' id='line_1_7' title="bbox 217 1138 692 1204; baseline -0.006 0"><span class='ocrx_word' id='word_1_24' title='bbox 217 1139 271 1204; x_wconf 89' lang='lat' dir='ltr'>Nil</span> <span class='ocrx_word' id='word_1_25' title='bbox 282 1138 463 1204; x_wconf 76' lang='lat' dir='ltr'>mortalibus</span> <span class='ocrx_word' id='word_1_26' title='bbox 477 1139 608 1203; x_wconf 86' lang='lat' dir='ltr'>arduum</span> <span class='ocrx_word' id='word_1_27' title='bbox 624 1151 692 1203; x_wconf 90' lang='lat' dir='ltr'>est:</span> 
     </span>
    </p>

    <p class='ocr_par' dir='ltr' id='par_1_5' title="bbox 218 1240 946 1428">
     <span class='ocr_line' id='line_1_8' title="bbox 259 1240 946 1329; baseline 0.004 -23"><span class='ocrx_word' id='word_1_28' title='bbox 259 1242 383 1306; x_wconf 88' lang='lat' dir='ltr'>Coelum</span> <span class='ocrx_word' id='word_1_29' title='bbox 399 1241 499 1327; x_wconf 85' lang='lat' dir='ltr'>ipsum</span> <span class='ocrx_word' id='word_1_30' title='bbox 516 1241 650 1326; x_wconf 88' lang='lat' dir='ltr'>petimus</span> <span class='ocrx_word' id='word_1_31' title='bbox 666 1240 822 1318; x_wconf 90' lang='lat' dir='ltr'>stultitia;</span> <span class='ocrx_word' id='word_1_32' title='bbox 845 1265 946 1329; x_wconf 86' lang='lat' dir='ltr'>neque</span> 
     </span>
     <span class='ocr_line' id='line_1_9' title="bbox 218 1342 700 1428; baseline -0.006 -18"><span class='ocrx_word' id='word_1_33' title='bbox 218 1348 279 1409; x_wconf 91' lang='lat' dir='ltr'>Per</span> <span class='ocrx_word' id='word_1_34' title='bbox 293 1359 432 1409; x_wconf 88' lang='lat' dir='ltr'>nostrum</span> <span class='ocrx_word' id='word_1_35' title='bbox 448 1344 584 1428; x_wconf 87' lang='lat' dir='ltr'>patimur</span> <span class='ocrx_word' id='word_1_36' title='bbox 599 1342 700 1407; x_wconf 89' lang='lat' dir='ltr'>scelus</span> 
     </span>
    </p>

    <p class='ocr_par' dir='ltr' id='par_1_6' title="bbox 260 1433 972 1531">
     <span class='ocr_line' id='line_1_10' title="bbox 260 1433 972 1531; baseline -0.006 -18"><span class='ocrx_word' id='word_1_37' title='bbox 260 1448 415 1513; x_wconf 85' lang='lat' dir='ltr'>Iracunda</span> <span class='ocrx_word' id='word_1_38' title='bbox 430 1448 452 1510; x_wconf 89' lang='lat' dir='ltr'>J</span> <span class='ocrx_word' id='word_1_39' title='bbox 455 1467 542 1510; x_wconf 87' lang='lat' dir='ltr'>ovem</span> <span class='ocrx_word' id='word_1_40' title='bbox 559 1465 674 1531; x_wconf 88' lang='lat' dir='ltr'>ponere</span> <span class='ocrx_word' id='word_1_41' title='bbox 689 1443 832 1509; x_wconf 83' lang='lat' dir='ltr'>fulmina.</span> <span class='ocrx_word' id='word_1_42' title='bbox 969 1433 972 1438; x_wconf 55' lang='grc'><strong><em>’</em></strong></span> 
     </span>
    </p>
   </div>
   <div class='ocr_carea' id='block_1_3' title="bbox 420 1833 926 1940">
    <p class='ocr_par' dir='ltr' id='par_1_7' title="bbox 420 1833 926 1940">
     <span class='ocr_line' id='line_1_11' title="bbox 420 1833 926 1940; baseline 0.006 -39"><span class='ocrx_word' id='word_1_43' title='bbox 420 1838 515 1940; x_wconf 87' lang='lat' dir='ltr'>ODE</span> <span class='ocrx_word' id='word_1_44' title='bbox 541 1838 599 1901; x_wconf 91' lang='lat' dir='ltr'>1v.</span> <span class='ocrx_word' id='word_1_45' title='bbox 646 1833 812 1913; x_wconf 74' lang='lat' dir='ltr'>(isarnum</span> <span class='ocrx_word' id='word_1_46' title='bbox 837 1839 926 1919; x_wconf 83' lang='lat' dir='ltr'>vru.)</span> 
     </span>
    </p>
   </div>
   <div class='ocr_carea' id='block_1_4' title="bbox 553 2029 784 2073">
    <p class='ocr_par' dir='ltr' id='par_1_8' title="bbox 553 2029 784 2073">
     <span class='ocr_line' id='line_1_12' title="bbox 553 2029 784 2073; baseline 0.004 -1"><span class='ocrx_word' id='word_1_47' title='bbox 553 2030 601 2072; x_wconf 79' lang='lat' dir='ltr'>An</span> <span class='ocrx_word' id='word_1_48' title='bbox 625 2029 784 2073; x_wconf 72' lang='lat' dir='ltr'>sumunt.</span> 
     </span>
    </p>
   </div>
   <div class='ocr_carea' id='block_1_5' title="bbox 218 2215 1170 4246">
    <p class='ocr_par' dir='ltr' id='par_1_9' title="bbox 219 2215 1064 2404">
     <span class='ocr_line' id='line_1_13' title="bbox 219 2215 1064 2301; baseline 0.001 -20"><span class='ocrx_word' id='word_1_49' title='bbox 219 2220 395 2281; x_wconf 77' lang='lat' dir='ltr'>Souvrrun</span> <span class='ocrx_word' id='word_1_50' title='bbox 410 2218 488 2282; x_wconf 89' lang='lat' dir='ltr'>acris</span> <span class='ocrx_word' id='word_1_51' title='bbox 503 2217 603 2281; x_wconf 91' lang='lat' dir='ltr'>hiems</span> <span class='ocrx_word' id='word_1_52' title='bbox 618 2230 707 2301; x_wconf 75' lang='lat' dir='ltr'>grata</span> <span class='ocrx_word' id='word_1_53' title='bbox 718 2217 787 2280; x_wconf 84' lang='lat' dir='ltr'>vice</span> <span class='ocrx_word' id='word_1_54' title='bbox 802 2215 884 2279; x_wconf 88' lang='lat' dir='ltr'>veris</span> <span class='ocrx_word' id='word_1_55' title='bbox 898 2229 930 2281; x_wconf 84' lang='lat' dir='ltr'>et</span> <span class='ocrx_word' id='word_1_56' title='bbox 941 2217 1064 2282; x_wconf 81' lang='lat' dir='ltr'>Favoni</span> 
     </span>
     <span class='ocr_line' id='line_1_14' title="bbox 263 2318 909 2404; baseline -0.002 -21"><span class='ocrx_word' id='word_1_57' title='bbox 263 2320 473 2404; x_wconf 87' lang='lat' dir='ltr'>Trahuntque</span> <span class='ocrx_word' id='word_1_58' title='bbox 487 2319 584 2383; x_wconf 84' lang='lat' dir='ltr'>siccas</span> <span class='ocrx_word' id='word_1_59' title='bbox 600 2318 754 2383; x_wconf 81' lang='lat' dir='ltr'>machinae</span> <span class='ocrx_word' id='word_1_60' title='bbox 768 2318 909 2391; x_wconf 81' lang='lat' dir='ltr'>carinas3</span> 
     </span>
    </p>

    <p class='ocr_par' dir='ltr' id='par_1_10' title="bbox 218 2420 1135 2609">
     <span class='ocr_line' id='line_1_15' title="bbox 218 2420 1135 2516; baseline 0.003 -31"><span class='ocrx_word' id='word_1_61' title='bbox 218 2424 265 2485; x_wconf 83' lang='lat' dir='ltr'>Ac</span> <span class='ocrx_word' id='word_1_62' title='bbox 280 2444 380 2507; x_wconf 89' lang='lat' dir='ltr'>neque</span> <span class='ocrx_word' id='word_1_63' title='bbox 389 2421 455 2506; x_wconf 91' lang='lat' dir='ltr'>jam</span> <span class='ocrx_word' id='word_1_64' title='bbox 473 2420 602 2486; x_wconf 88' lang='lat' dir='ltr'>stabulis</span> <span class='ocrx_word' id='word_1_65' title='bbox 616 2421 734 2516; x_wconf 84' lang='lat' dir='ltr'>gaudet</span> <span class='ocrx_word' id='word_1_66' title='bbox 748 2441 853 2505; x_wconf 88' lang='lat' dir='ltr'>pecus,</span> <span class='ocrx_word' id='word_1_67' title='bbox 865 2430 920 2484; x_wconf 80' lang='lat' dir='ltr'>aut</span> <span class='ocrx_word' id='word_1_68' title='bbox 934 2433 1036 2486; x_wconf 70' lang='lat' dir='ltr'>arator</span> <span class='ocrx_word' id='word_1_69' title='bbox 1049 2423 1135 2510; x_wconf 79' lang='lat' dir='ltr'>igni3</span> 
     </span>
     <span class='ocr_line' id='line_1_16' title="bbox 264 2523 832 2609; baseline -0.007 -22"><span class='ocrx_word' id='word_1_70' title='bbox 264 2525 333 2589; x_wconf 91' lang='lat' dir='ltr'>Nec</span> <span class='ocrx_word' id='word_1_71' title='bbox 346 2536 436 2609; x_wconf 88' lang='lat' dir='ltr'>prata</span> <span class='ocrx_word' id='word_1_72' title='bbox 451 2524 536 2588; x_wconf 88' lang='lat' dir='ltr'>canis</span> <span class='ocrx_word' id='word_1_73' title='bbox 552 2523 688 2588; x_wconf 86' lang='lat' dir='ltr'>albicant</span> <span class='ocrx_word' id='word_1_74' title='bbox 703 2523 832 2608; x_wconf 84' lang='lat' dir='ltr'>pruinis.</span> 
     </span>
    </p>

    <p class='ocr_par' dir='ltr' id='par_1_11' title="bbox 220 2623 1168 2813">
     <span class='ocr_line' id='line_1_17' title="bbox 220 2623 1168 2712; baseline 0.006 -23"><span class='ocrx_word' id='word_1_75' title='bbox 220 2629 242 2689; x_wconf 88' lang='lat' dir='ltr'>J</span> <span class='ocrx_word' id='word_1_76' title='bbox 244 2648 293 2692; x_wconf 89' lang='lat' dir='ltr'>am</span> <span class='ocrx_word' id='word_1_77' title='bbox 307 2623 465 2710; x_wconf 87' lang='lat' dir='ltr'>Cytherea</span> <span class='ocrx_word' id='word_1_78' title='bbox 475 2625 585 2689; x_wconf 84' lang='lat' dir='ltr'>choros</span> <span class='ocrx_word' id='word_1_79' title='bbox 600 2626 686 2690; x_wconf 90' lang='lat' dir='ltr'>ducit</span> <span class='ocrx_word' id='word_1_80' title='bbox 699 2626 817 2704; x_wconf 87' lang='lat' dir='ltr'>Venus,</span> <span class='ocrx_word' id='word_1_81' title='bbox 824 2625 1006 2692; x_wconf 86' lang='lat' dir='ltr'>imminente</span> <span class='ocrx_word' id='word_1_82' title='bbox 1016 2627 1128 2705; x_wconf 51' lang='lat' dir='ltr'>Luna</span> <span class='ocrx_word' id='word_1_83' title='bbox 1145 2636 1168 2712; x_wconf 73' lang='lat'><em>5</em></span> 
     </span>
     <span class='ocr_line' id='line_1_18' title="bbox 261 2727 919 2813; baseline 0.003 -22"><span class='ocrx_word' id='word_1_84' title='bbox 261 2730 285 2791; x_wconf 87' lang='lat' dir='ltr'><strong>J</strong></span> <span class='ocrx_word' id='word_1_85' title='bbox 287 2741 451 2812; x_wconf 89' lang='lat' dir='ltr'>unetaeque</span> <span class='ocrx_word' id='word_1_86' title='bbox 465 2727 624 2813; x_wconf 88' lang='lat' dir='ltr'>Nymphis</span> <span class='ocrx_word' id='word_1_87' title='bbox 640 2728 761 2793; x_wconf 86' lang='lat' dir='ltr'>Gratiae</span> <span class='ocrx_word' id='word_1_88' title='bbox 776 2728 919 2793; x_wconf 82' lang='lat' dir='ltr'>decentes</span> 
     </span>
    </p>

    <p class='ocr_par' dir='ltr' id='par_1_12' title="bbox 218 2831 1155 3023">
     <span class='ocr_line' id='line_1_19' title="bbox 218 2831 1155 2920; baseline 0.006 -26"><span class='ocrx_word' id='word_1_89' title='bbox 218 2831 348 2895; x_wconf 85' lang='lat' dir='ltr'>Alterno</span> <span class='ocrx_word' id='word_1_90' title='bbox 364 2842 475 2894; x_wconf 88' lang='lat' dir='ltr'>terram</span> <span class='ocrx_word' id='word_1_91' title='bbox 489 2831 634 2914; x_wconf 90' lang='lat' dir='ltr'>quatiunt</span> <span class='ocrx_word' id='word_1_92' title='bbox 649 2831 744 2916; x_wconf 86' lang='lat' dir='ltr'>pede;</span> <span class='ocrx_word' id='word_1_93' title='bbox 769 2831 844 2895; x_wconf 89' lang='lat' dir='ltr'>dum</span> <span class='ocrx_word' id='word_1_94' title='bbox 859 2853 970 2916; x_wconf 78' lang='lat' dir='ltr'>graves</span> <span class='ocrx_word' id='word_1_95' title='bbox 981 2833 1155 2920; x_wconf 88' lang='lat' dir='ltr'>Cyclopum</span> 
     </span>
     <span class='ocr_line' id='line_1_20' title="bbox 261 2932 786 3023; baseline 0.004 -27"><span class='ocrx_word' id='word_1_96' title='bbox 261 2933 421 2997; x_wconf 78' lang='lat' dir='ltr'>Vulcanus</span> <span class='ocrx_word' id='word_1_97' title='bbox 436 2933 552 3023; x_wconf 8' lang='lat' dir='ltr'>ardens?</span> <span class='ocrx_word' id='word_1_98' title='bbox 561 2934 624 2998; x_wconf 92' lang='lat' dir='ltr'>urit</span> <span class='ocrx_word' id='word_1_99' title='bbox 639 2932 786 2998; x_wconf 88' lang='lat' dir='ltr'>officinas.</span> 
     </span>
    </p>

    <p class='ocr_par' dir='ltr' id='par_1_13' title="bbox 218 3035 1170 3223">
     <span class='ocr_line' id='line_1_21' title="bbox 218 3035 1139 3125; baseline 0.005 -26"><span class='ocrx_word' id='word_1_100' title='bbox 218 3038 248 3100; x_wconf 92' lang='lat' dir='ltr'>N</span> <span class='ocrx_word' id='word_1_101' title='bbox 252 3057 312 3099; x_wconf 92' lang='lat' dir='ltr'>unc</span> <span class='ocrx_word' id='word_1_102' title='bbox 327 3035 417 3099; x_wconf 87' lang='lat' dir='ltr'>decet</span> <span class='ocrx_word' id='word_1_103' title='bbox 432 3049 486 3099; x_wconf 94' lang='lat' dir='ltr'>aut</span> <span class='ocrx_word' id='word_1_104' title='bbox 498 3035 589 3100; x_wconf 82' lang='lat' dir='ltr'>viridi</span> <span class='ocrx_word' id='word_1_105' title='bbox 604 3035 736 3100; x_wconf 92' lang='lat' dir='ltr'>nitidum</span> <span class='ocrx_word' id='word_1_106' title='bbox 753 3048 847 3120; x_wconf 89' lang='lat' dir='ltr'>caput</span> <span class='ocrx_word' id='word_1_107' title='bbox 861 3035 1012 3121; x_wconf 88' lang='lat' dir='ltr'>impedire</span> <span class='ocrx_word' id='word_1_108' title='bbox 1026 3053 1139 3125; x_wconf 86' lang='lat' dir='ltr'>myrto,</span> 
     </span>
     <span class='ocr_line' id='line_1_22' title="bbox 260 3137 1170 3223; baseline 0.007 -22"><span class='ocrx_word' id='word_1_109' title='bbox 260 3137 330 3202; x_wconf 80' lang='lat' dir='ltr'>Aut</span> <span class='ocrx_word' id='word_1_110' title='bbox 343 3137 429 3215; x_wconf 86' lang='lat' dir='ltr'>flore,</span> <span class='ocrx_word' id='word_1_111' title='bbox 446 3153 535 3202; x_wconf 81' lang='lat' dir='ltr'>terrae</span> <span class='ocrx_word' id='word_1_112' title='bbox 550 3160 640 3223; x_wconf 92' lang='lat' dir='ltr'>quem</span> <span class='ocrx_word' id='word_1_113' title='bbox 651 3138 757 3203; x_wconf 85' lang='lat' dir='ltr'>ferunt</span> <span class='ocrx_word' id='word_1_114' title='bbox 770 3138 888 3202; x_wconf 69' lang='lat' dir='ltr'>solutae.</span> <span class='ocrx_word' id='word_1_115' title='bbox 1127 3145 1170 3208; x_wconf 80' lang='lat'>10</span> 
     </span>
    </p>

    <p class='ocr_par' dir='ltr' id='par_1_14' title="bbox 218 3239 1079 3424">
     <span class='ocr_line' id='line_1_23' title="bbox 218 3239 1079 3322; baseline 0.005 -19"><span class='ocrx_word' id='word_1_116' title='bbox 218 3240 312 3303; x_wconf 90' lang='lat' dir='ltr'>Nunc</span> <span class='ocrx_word' id='word_1_117' title='bbox 324 3253 355 3303; x_wconf 93' lang='lat' dir='ltr'>et</span> <span class='ocrx_word' id='word_1_118' title='bbox 370 3239 402 3302; x_wconf 91' lang='lat' dir='ltr'>iu</span> <span class='ocrx_word' id='word_1_119' title='bbox 421 3240 572 3304; x_wconf 86' lang='lat' dir='ltr'>umbrosis</span> <span class='ocrx_word' id='word_1_120' title='bbox 589 3242 700 3305; x_wconf 86' lang='lat' dir='ltr'>Fauno</span> <span class='ocrx_word' id='word_1_121' title='bbox 715 3240 803 3304; x_wconf 88' lang='lat' dir='ltr'>decet</span> <span class='ocrx_word' id='word_1_122' title='bbox 818 3239 978 3307; x_wconf 88' lang='lat' dir='ltr'>immolare</span> <span class='ocrx_word' id='word_1_123' title='bbox 987 3243 1079 3322; x_wconf 87' lang='lat' dir='ltr'>lucis,</span> 
     </span>
     <span class='ocr_line' id='line_1_24' title="bbox 262 3338 844 3424; baseline -0.002 -22"><span class='ocrx_word' id='word_1_124' title='bbox 262 3340 325 3402; x_wconf 87' lang='lat' dir='ltr'>Seu</span> <span class='ocrx_word' id='word_1_125' title='bbox 335 3352 446 3422; x_wconf 74' lang='lat' dir='ltr'>poscat</span> <span class='ocrx_word' id='word_1_126' title='bbox 460 3362 551 3424; x_wconf 84' lang='lat' dir='ltr'>agna,</span> <span class='ocrx_word' id='word_1_127' title='bbox 564 3340 629 3404; x_wconf 82' lang='lat' dir='ltr'>sive</span> <span class='ocrx_word' id='word_1_128' title='bbox 642 3339 731 3404; x_wconf 89' lang='lat' dir='ltr'>malit</span> <span class='ocrx_word' id='word_1_129' title='bbox 745 3338 844 3403; x_wconf 81' lang='lat' dir='ltr'>haedo.</span> 
     </span>
    </p>

    <p class='ocr_par' dir='ltr' id='par_1_15' title="bbox 219 3441 1145 3630">
     <span class='ocr_line' id='line_1_25' title="bbox 219 3441 1145 3528; baseline 0.01 -24"><span class='ocrx_word' id='word_1_130' title='bbox 219 3441 380 3505; x_wconf 74' lang='lat' dir='ltr'>l&#39;nuurua</span> <span class='ocrx_word' id='word_1_131' title='bbox 393 3463 474 3505; x_wconf 89' lang='lat' dir='ltr'>mors</span> <span class='ocrx_word' id='word_1_132' title='bbox 488 3465 576 3528; x_wconf 84' lang='lat' dir='ltr'>aequo</span> <span class='ocrx_word' id='word_1_133' title='bbox 591 3443 696 3527; x_wconf 89' lang='lat' dir='ltr'>pulsat</span> <span class='ocrx_word' id='word_1_134' title='bbox 710 3443 790 3528; x_wconf 87' lang='lat' dir='ltr'>pede</span> <span class='ocrx_word' id='word_1_135' title='bbox 804 3462 975 3527; x_wconf 87' lang='lat' dir='ltr'>pauperum</span> <span class='ocrx_word' id='word_1_136' title='bbox 992 3447 1145 3527; x_wconf 84' lang='lat' dir='ltr'>tabernas,</span> 
     </span>
     <span class='ocr_line' id='line_1_26' title="bbox 261 3544 857 3630; baseline -0.002 -22"><span class='ocrx_word' id='word_1_137' title='bbox 261 3545 448 3630; x_wconf 81' lang='lat' dir='ltr'>Regumque</span> <span class='ocrx_word' id='word_1_138' title='bbox 463 3559 572 3610; x_wconf 85' lang='lat' dir='ltr'>turres.</span> <span class='ocrx_word' id='word_1_139' title='bbox 618 3548 647 3611; x_wconf 95' lang='lat'>0</span> <span class='ocrx_word' id='word_1_140' title='bbox 662 3546 751 3610; x_wconf 82' lang='lat' dir='ltr'>beate</span> <span class='ocrx_word' id='word_1_141' title='bbox 764 3544 857 3622; x_wconf 85' lang='lat' dir='ltr'>Sesti,</span> 
     </span>
    </p>

    <p class='ocr_par' dir='ltr' id='par_1_16' title="bbox 220 3646 1170 3834">
     <span class='ocr_line' id='line_1_27' title="bbox 220 3646 1170 3736; baseline 0.009 -27"><span class='ocrx_word' id='word_1_142' title='bbox 220 3647 301 3712; x_wconf 81' lang='lat' dir='ltr'>vitae</span> <span class='ocrx_word' id='word_1_143' title='bbox 313 3669 432 3713; x_wconf 88' lang='lat' dir='ltr'>summa</span> <span class='ocrx_word' id='word_1_144' title='bbox 444 3648 545 3713; x_wconf 86' lang='lat' dir='ltr'>brevis</span> <span class='ocrx_word' id='word_1_145' title='bbox 557 3670 642 3734; x_wconf 84' lang='lat' dir='ltr'>spem</span> <span class='ocrx_word' id='word_1_146' title='bbox 658 3669 714 3711; x_wconf 90' lang='lat' dir='ltr'>nos</span> <span class='ocrx_word' id='word_1_147' title='bbox 724 3659 809 3711; x_wconf 89' lang='lat' dir='ltr'>vetat</span> <span class='ocrx_word' id='word_1_148' title='bbox 820 3646 964 3713; x_wconf 87' lang='lat' dir='ltr'>inchoare</span> <span class='ocrx_word' id='word_1_149' title='bbox 979 3647 1113 3736; x_wconf 80' lang='lat' dir='ltr'>longam.</span> <span class='ocrx_word' id='word_1_150' title='bbox 1126 3654 1170 3718; x_wconf 84' lang='grc'>15</span> 
     </span>
     <span class='ocr_line' id='line_1_28' title="bbox 261 3748 937 3834; baseline 0.007 -23"><span class='ocrx_word' id='word_1_151' title='bbox 261 3749 284 3811; x_wconf 84' lang='lat' dir='ltr'><strong>J</strong></span> <span class='ocrx_word' id='word_1_152' title='bbox 287 3769 335 3813; x_wconf 86' lang='lat' dir='ltr'>am</span> <span class='ocrx_word' id='word_1_153' title='bbox 353 3762 384 3812; x_wconf 93' lang='lat' dir='ltr'>te</span> <span class='ocrx_word' id='word_1_154' title='bbox 397 3762 516 3833; x_wconf 85' lang='lat' dir='ltr'>premet</span> <span class='ocrx_word' id='word_1_155' title='bbox 530 3771 603 3826; x_wconf 82' lang='lat' dir='ltr'>nox,</span> <span class='ocrx_word' id='word_1_156' title='bbox 618 3748 796 3834; x_wconf 71' lang='lat' dir='ltr'>fabulaeque</span> <span class='ocrx_word' id='word_1_157' title='bbox 811 3751 937 3828; x_wconf 84' lang='lat' dir='ltr'>Manes,</span> 
     </span>
    </p>

    <p class='ocr_par' dir='ltr' id='par_1_17' title="bbox 219 3850 1003 4039">
     <span class='ocr_line' id='line_1_29' title="bbox 219 3850 1003 3935; baseline 0.005 -21"><span class='ocrx_word' id='word_1_158' title='bbox 219 3852 265 3914; x_wconf 87' lang='lat' dir='ltr'>Et</span> <span class='ocrx_word' id='word_1_159' title='bbox 279 3851 389 3914; x_wconf 90' lang='lat' dir='ltr'>domus</span> <span class='ocrx_word' id='word_1_160' title='bbox 403 3851 492 3915; x_wconf 84' lang='lat' dir='ltr'>exilis</span> <span class='ocrx_word' id='word_1_161' title='bbox 507 3850 654 3914; x_wconf 85' lang='lat' dir='ltr'>Plutonia</span> <span class='ocrx_word' id='word_1_162' title='bbox 666 3875 675 3924; x_wconf 89' lang='lat'><strong>;</strong></span> <span class='ocrx_word' id='word_1_163' title='bbox 698 3873 759 3935; x_wconf 94' lang='lat' dir='ltr'>quo</span> <span class='ocrx_word' id='word_1_164' title='bbox 774 3850 866 3916; x_wconf 91' lang='lat' dir='ltr'>simul</span> <span class='ocrx_word' id='word_1_165' title='bbox 881 3850 1003 3932; x_wconf 75' lang='lat' dir='ltr'>metiris,</span> 
     </span>
     <span class='ocr_line' id='line_1_30' title="bbox 262 3952 761 4039; baseline 0.002 -23"><span class='ocrx_word' id='word_1_166' title='bbox 262 3954 292 4016; x_wconf 95' lang='lat' dir='ltr'>N</span> <span class='ocrx_word' id='word_1_167' title='bbox 295 3975 330 4017; x_wconf 87' lang='lat' dir='ltr'>ec</span> <span class='ocrx_word' id='word_1_168' title='bbox 341 3976 436 4039; x_wconf 81' lang='lat' dir='ltr'>regna</span> <span class='ocrx_word' id='word_1_169' title='bbox 448 3953 513 4017; x_wconf 88' lang='lat' dir='ltr'>vini</span> <span class='ocrx_word' id='word_1_170' title='bbox 528 3953 654 4017; x_wconf 88' lang='lat' dir='ltr'>sortiere</span> <span class='ocrx_word' id='word_1_171' title='bbox 670 3952 739 4018; x_wconf 88' lang='lat' dir='ltr'>talis</span> <span class='ocrx_word' id='word_1_172' title='bbox 752 3979 761 4029; x_wconf 92' lang='lat'>;</span> 
     </span>
    </p>

    <p class='ocr_par' dir='ltr' id='par_1_18' title="bbox 219 4056 1168 4246">
     <span class='ocr_line' id='line_1_31' title="bbox 219 4056 1103 4143; baseline 0.008 -23"><span class='ocrx_word' id='word_1_173' title='bbox 219 4057 287 4120; x_wconf 88' lang='lat' dir='ltr'>Nec</span> <span class='ocrx_word' id='word_1_174' title='bbox 303 4070 440 4121; x_wconf 89' lang='lat' dir='ltr'>tenerum</span> <span class='ocrx_word' id='word_1_175' title='bbox 454 4057 596 4142; x_wconf 83' lang='lat' dir='ltr'>Lycidan</span> <span class='ocrx_word' id='word_1_176' title='bbox 613 4056 772 4134; x_wconf 80' lang='lat' dir='ltr'>mirabere,</span> <span class='ocrx_word' id='word_1_177' title='bbox 788 4080 850 4142; x_wconf 86' lang='lat' dir='ltr'>quo</span> <span class='ocrx_word' id='word_1_178' title='bbox 865 4058 944 4122; x_wconf 85' lang='lat' dir='ltr'>calet</span> <span class='ocrx_word' id='word_1_179' title='bbox 952 4059 1103 4143; x_wconf 83' lang='lat' dir='ltr'>juventus</span> 
     </span>
     <span class='ocr_line' id='line_1_32' title="bbox 263 4154 1168 4246; baseline 0.01 -25"><span class='ocrx_word' id='word_1_180' title='bbox 263 4160 291 4222; x_wconf 90' lang='lat' dir='ltr'>N</span> <span class='ocrx_word' id='word_1_181' title='bbox 296 4181 356 4224; x_wconf 89' lang='lat' dir='ltr'>unc</span> <span class='ocrx_word' id='word_1_182' title='bbox 371 4159 481 4236; x_wconf 86' lang='lat' dir='ltr'>omnis,</span> <span class='ocrx_word' id='word_1_183' title='bbox 497 4174 529 4223; x_wconf 91' lang='lat' dir='ltr'>et</span> <span class='ocrx_word' id='word_1_184' title='bbox 543 4181 615 4222; x_wconf 86' lang='lat' dir='ltr'>mox</span> <span class='ocrx_word' id='word_1_185' title='bbox 627 4159 762 4244; x_wconf 81' lang='lat' dir='ltr'>virgines</span> <span class='ocrx_word' id='word_1_186' title='bbox 778 4161 935 4246; x_wconf 86' lang='lat' dir='ltr'>tepebunt.</span> <span class='ocrx_word' id='word_1_187' title='bbox 1124 4154 1168 4231; x_wconf 74' lang='lat'>&#39;20</span> 
     </span>
    </p>
   </div>
   <div class='ocr_carea' id='block_1_6' title="bbox 0 0 1443 5010">
    <p class='ocr_par' dir='ltr' id='par_1_19' title="bbox 0 0 1443 5010">
     <span class='ocr_line' id='line_1_33' title="bbox 0 0 1443 5010; baseline 0 0"><span class='ocrx_word' id='word_1_188' title='bbox 0 0 1443 5010; x_wconf 95' lang='lat' dir='ltr'> </span> 
     </span>
    </p>
   </div>
  </div>
 </body>
</html>
