2872 5010
444 504 687 549 urrsronanuu
714 505 781 548 nra.
806 503 829 546 1.
854 486 904 549 ll.
1108 483 1172 546 183

180 658 281 732 Quam
297 677 367 741 quae
381 677 436 740 per
449 677 581 740 pronum
597 655 732 741 trepidat
746 675 817 720 cum
832 670 988 720 murmure
1002 655 1130 719 rivum?

180 759 302 841 Nempe
317 758 397 822 inter
412 756 512 822 varias
527 758 665 823 nutritur
679 758 758 822 silva
772 757 942 836 columnas,

180 859 402 944 Laudaturque
416 859 527 923 domus
539 860 648 945 longos
662 883 733 946 quaa
747 859 897 946 prospicit
907 881 1008 945 agros.

180 956 331 1024 Naturam
347 959 482 1044 expelles
496 959 594 1041 furca,
611 975 712 1026 tamen
728 985 826 1048 usque
844 975 990 1041 recurret,

177 1063 223 1125 Et
237 1062 319 1126 mala
333 1075 511 1147 perrumpet
524 1063 632 1128 furtim
647 1063 774 1130 fastidia
789 1063 910 1130 vlctrix.
1131 1065 1174 1125 25

179 1164 262 1242 Non,
278 1164 330 1249 qui
349 1165 475 1229 Sidonio
491 1166 675 1230 contendere
689 1167 819 1233 callidus
834 1178 917 1232 ostro

179 1266 287 1330 Nescit
301 1267 491 1352 Aquinatem
506 1268 647 1352 potantia
662 1269 776 1335 vellera
788 1270 908 1348 fucum,

179 1369 303 1433 Certius
319 1370 448 1454 accipiet
464 1369 624 1447 damnum,
639 1372 807 1455 propiusve
822 1371 979 1448 medullis,
1081 1396 1083 1401 ·

179 1471 280 1548 Quam
296 1470 349 1556 qui
365 1492 425 1534 non
441 1472 555 1554 poterit
569 1493 643 1534 vero
657 1472 848 1556 distinguere
862 1473 984 1538 falsum.

179 1577 280 1648 Quem
296 1598 345 1640 res
358 1577 430 1660 plus
444 1574 540 1638 nimio
555 1575 747 1639 delectavere
762 1576 917 1655 secunda,

180 1678 318 1742 Mutatae
332 1677 492 1762 quatient:
516 1676 618 1762 siquid
633 1677 794 1755 mirabere,
809 1700 906 1764 pones

181 1782 324 1845 Invitus:
347 1782 422 1865 fuge
436 1802 566 1866 magna:
591 1779 664 1844 licet
680 1780 737 1844 sub
752 1803 888 1867 paupere
903 1794 985 1846 tecto

180 1886 286 1971 Reges
300 1900 332 1950 et
346 1907 453 1970 regum
465 1885 530 1949 vita
540 1906 727 1969 praecurrere
741 1884 865 1949 amicos.

182 1991 301 2054 Cervus
316 2010 428 2075 equum
443 2009 549 2073 pugna
562 1986 672 2052 melior
686 1989 902 2052 communibus
915 1986 1020 2052 herbis

182 2091 332 2169 Pellebat,
348 2092 446 2155 donec
460 2091 560 2154 minor
575 2090 606 2153 in
623 2091 790 2156 certamine
804 2091 899 2177 longo

182 2195 364 2279 Imploravit
379 2215 453 2278 opes
466 2192 613 2268 hominis,
627 2192 821 2278 fraenumque
835 2195 971 2279 recepit:

182 2299 244 2363 Sed
258 2311 421 2384 postquam
437 2297 556 2360 violeus
570 2295 652 2359 victo
667 2295 808 2360 discessit
822 2297 862 2360 ab
876 2295 977 2374 hoste,

182 2405 254 2466 Non
267 2402 401 2488 equitem
417 2400 520 2477 dorso,
536 2419 598 2461 nou
612 2397 743 2462 fraenum
760 2397 881 2482 depulit
894 2420 956 2462 ore.

184 2506 235 2570 Sic
250 2505 304 2591 qui
318 2503 495 2589 pauperiem
510 2501 639 2579 veritus,
652 2501 772 2586 potiore
785 2500 920 2566 metallis

183 2607 345 2671 Libertate
359 2619 453 2682 caret,
468 2603 628 2668 dominum
644 2601 738 2667 vehet
752 2601 922 2686 improbus,
937 2615 1030 2687 atque

184 2709 305 2773 Serviat
318 2721 467 2772 aeternum
481 2732 490 2780 ;
515 2705 588 2791 quia
601 2727 697 2790 parvo
711 2704 829 2770 nesciet
842 2705 899 2769 uti.

182 2811 244 2875 Cui
260 2833 322 2876 non
337 2811 500 2875 conveniet
513 2832 569 2873 sua
582 2831 642 2888 res,
658 2822 693 2872 ut
707 2808 828 2872 calceus
843 2808 930 2888 olim,

184 2919 217 2981 Si
232 2918 311 3002 pede
325 2917 424 3002 major
438 2914 507 2993 crit,
523 2913 699 2985 subvertet;
724 2911 751 2974 si
766 2911 877 2990 minor,
893 2927 971 2978 uret.

184 3023 294 3085 Laetus
307 3033 387 3084 sorte
403 3031 457 3081 tua
471 3017 556 3079 vives
572 3015 737 3098 sapienter,
752 3014 868 3079 Aristi:

183 3126 251 3189 Nec
266 3145 316 3186 me
330 3121 466 3185 dimittes
480 3118 711 3202 incastigatum‚
726 3117 780 3180 ubi
795 3117 885 3201 plura

185 3229 304 3310 Cogere
317 3243 409 3309 quam
424 3222 499 3286 satis
513 3233 571 3297 est,
587 3242 622 3285 ac
637 3241 700 3283 nou
714 3241 832 3283 cessare
847 3219 983 3284 videbor.

186 3331 324 3413 Imperat
340 3340 393 3390 aut
408 3325 502 3390 servit
516 3323 645 3387 collecta
658 3321 790 3406 pecunia
804 3321 927 3407 cuique,

186 3433 320 3494 'Portum
336 3429 431 3511 digna
445 3425 531 3511 sequi
546 3425 649 3509 potius
664 3447 755 3511 quam
772 3425 885 3490 ducere
897 3425 1013 3491 funem.

184 3535 267 3598 Haec
282 3532 339 3597 tibi
354 3531 507 3596 dictabam
523 3541 593 3612 post
607 3527 714 3590 fanum
729 3540 820 3610 putre
835 3530 985 3605 Vacunae,

185 3638 332 3719 Excepto
347 3632 430 3718 quod
443 3652 507 3694 non
522 3628 615 3692 simul
630 3647 723 3704 esses,
739 3641 852 3691 catera
865 3629 966 3693 laetus.

513 3888 756 3952 saissonis
781 3842 868 3955 xl.¹

539 4033 586 4077 AD
611 4032 824 4080 BULLATlUM·

187 4144 278 4219 Quin
294 4138 350 4202 tibi
366 4136 432 4201 visa
449 4134 558 4216 Clrios,
575 4139 705 4217 Bullati‚
720 4152 854 4224 notaque
868 4136 1012 4201 Lesbos?

189 4243 274 4321 Quid
289 4242 440 4308 concinna
456 4242 587 4306 Samos?
604 4241 680 4325 quid
695 4241 797 4306 Croesi
811 4239 897 4323 regia
912 4237 1044 4304 Sardis?
