2872 5010
512 467 702 512 auamounu
730 469 799 512 ms.
822 470 859 512 ιι.
883 451 913 512 3.
1163 451 1213 517 ’Ὢ

215 621 369 697 Quorsum
385 617 535 702 pertinuit
550 619 663 705 stipare
678 619 811 684 Platone
827 620 1015 694 Menandro,

215 719 354 804 Eupoliu
370 718 584 785 Archilocho?
606 721 733 785 comites
748 721 879 786 educere
893 724 1020 786 tantos?

215 820 371 884 Invidiam
387 820 509 905 placare
523 843 613 908 paras
629 823 753 887 Virtute
766 822 898 887 relicta?

208 925 421 987 'Contemnere
435 923 545 989 miser:
569 925 697 989 vitanda
712 938 761 988 est
774 923 915 1008 improba
932 923 1021 988 Siron

214 1024 360 1088 Desidia:
386 1039 440 1090 aut
454 1026 602 1113 quicquid
617 1028 683 1091 vita
697 1026 823 1090 meliore
837 1023 963 1110 punisti,
1167 1026 1208 1088 lb

215 1127 397 1190 Ponendum
414 1147 503 1213 mque
518 1130 630 1193 animo.
676 1128 773 1200 tlDii
788 1141 830 1207 te,
848 1128 1051 1211 Damasippe,
1064 1128 1194 1211 demque

217 1228 329 1291 Verum
340 1230 385 1293 ob
395 1231 560 1295 consilium
576 1233 692 1296 donent
708 1245 847 1295 tonsore:
871 1231 926 1294 sed
940 1230 1024 1293 uude

216 1330 297 1392 Tam
313 1329 392 1394 bene
406 1351 456 1395 me
471 1333 576 1396 nosti?
601 1333 629 1404 ll
643 1335 812 1418 Postquam
829 1333 930 1396 omnis
944 1348 992 1394 res
1008 1352 1076 1395 mea
1090 1332 1114 1394 J
1116 1342 1208 1394 anum

214 1431 264 1494 nd
279 1432 415 1496 medium
430 1433 529 1498 stacta
544 1448 601 1511 est,
617 1434 718 1498 aliena
731 1433 857 1516 negotia
872 1455 958 1508 curo,
975 1436 978 1441 ’

213 1530 373 1596 Excussus
387 1535 540 1618 propriis:
564 1535 637 1598 olim
653 1555 724 1597 nam
740 1555 877 1619 quaerere
892 1535 1030 1597 amabam
1164 1533 1209 1594 20

214 1634 284 1709 Quo
298 1635 383 1698 vafer
398 1636 451 1699 ille
463 1637 561 1719 pedes
576 1636 702 1699 lavisset
718 1634 872 1718 Sisyphus
888 1656 958 1708 oere,

213 1735 299 1812 Quid
313 1735 464 1819 scalptum
480 1736 611 1813 infabre,
626 1737 702 1822 quid
715 1737 819 1799 fusum
834 1735 943 1799 durius
958 1747 1054 1798 esset:

214 1836 357 1899 Callidus
371 1836 446 1901 huic
461 1837 549 1922 siguo
564 1840 714 1924 ponebam
730 1837 827 1901 millis
842 1849 984 1900 centum:

215 1936 334 2000 Hortos
348 1939 549 2024 egregiusque
563 1941 671 2005 domos
686 1941 849 2005 mercarier
863 1961 943 2004 unus

214 2039 294 2101 Cum
311 2039 397 2103 lucro
410 2043 538 2117 ndram;
563 2043 647 2107 unde
660 2042 833 2129 frequentis
848 2041 1036 2107 Mercuriale
1164 2037 1209 2100 2⁸

214 2141 393 2224 Imposuere
408 2142 484 2207 mihi
499 2166 669 2230 cognomen
684 2144 828 2230 compita.
858 2144 901 2229 ‘il
914 2143 1017 2207 Novi:

213 2244 258 2305 Et
272 2244 370 2308 morbi
385 2245 479 2307 miror
493 2259 660 2329 purgatum
675 2259 707 2308 te
721 2245 815 2308 illius.
860 2245 887 2315 ll
900 2242 1002 2328 Atqui

213 2345 342 2408 Emovit
356 2359 490 2409 veterem
507 2346 583 2408 mire
598 2367 709 2421 novus,
725 2359 761 2408 ut
775 2346 867 2423 solet,
883 2346 916 2408 in
931 2366 983 2408 cor

214 2446 363 2531 'l‘rajecto
378 2445 484 2509 lateris
499 2445 602 2509 miseri
617 2445 788 2530 capitisque
803 2447 926 2510 dolore:

215 2547 263 2610 Ut
277 2546 466 2631 lethargicus
482 2545 545 2624 hic,
560 2567 630 2610 cum
645 2547 682 2609 fit
693 2547 797 2630 pugil,
809 2560 841 2611 et
856 2545 1009 2610 medicum
1022 2555 1142 2628 urguet.
1163 2541 1208 2604 3)

214 2647 338 2718 ilDum
353 2648 468 2732 nequid
484 2648 584 2713 simile
594 2648 679 2726 huic,
696 2660 762 2711 esto
772 2661 808 2712 ut
824 2648 911 2712 libet.
934 2647 1001 2720 ΊῘΟ
1017 2647 1106 2724 bone,
1122 2656 1207 2708 nete

214 2751 397 2830 Frustrere3
419 2751 535 2816 insanis
550 2765 581 2815 et
596 2764 642 2827 tu,
659 2749 808 2834 stultique
822 2771 917 2834 prope
932 2769 1048 2824 omues,

215 2854 323 2938 Siquid
341 2853 507 2917 Stertinius
522 2852 586 2917 veri
602 2864 725 2936 crepat;
749 2852 834 2915 uude
849 2874 907 2936 ego
922 2851 1000 2915 mira

213 2955 372 3039 Descripsi
387 2955 497 3018 docilis
511 2967 668 3037 praecepta
682 2953 762 3031 haec,
779 2967 915 3038 tempore
930 2975 992 3039 quo
1007 2974 1057 3017 me

214 3059 337 3121 Solatus
346 3056 442 3141 jussit
457 3056 626 3139 sapientem
641 3075 766 3138 poscere
782 3055 921 3132 barbam,
1162 3051 1208 3114 ³6

213 3160 321 3242 Atque
336 3180 354 3221 a
369 3157 514 3220 Fabricio
529 3178 590 3219 non
607 3155 724 3219 tristem
741 3170 835 3239 ponte
850 3156 972 3219 reverti.

215 3261 296 3322 Nam
312 3259 392 3323 male
406 3280 440 3321 re
454 3271 541 3341 gesta
557 3278 625 3321 cum
642 3257 753 3319 vellem
769 3256 892 3321 mittere
906 3269 1014 3339 operto

215 3361 272 3423 Me
286 3360 387 3443 capite
401 3360 434 3422 in
449 3358 577 3436 flumen,
593 3359 700 3422 denter
715 3357 812 3434 stetit,
828 3371 860 3420 et
876 3359 961 3421 Cave
976 3355 1055 3420 faxis

212 3463 264 3524 Te
280 3461 443 3546 quicquam
458 3460 638 3546 indignum:
662 3460 763 3543 pudor
778 3446 909 3543 (inquit)
928 3472 957 3522 tc
973 3458 1072 3521 malus
1086 3457 1185 3539 angit,

214 3564 345 3626 Insanos
359 3563 413 3647 qui
427 3563 508 3626 inter
523 3584 645 3626 vereare
660 3562 787 3624 insanus
801 3560 919 3623 haberi.
1166 3561 1208 3620 40

212 3663 352 3727 Primum
369 3684 439 3738 nam
455 3663 621 3748 inquiram,
635 3663 712 3747 quid
726 3662 766 3725 sit
779 3662 900 3740 furere3
922 3661 981 3724 hoc
995 3661 1022 3723 si
1036 3659 1094 3724 crit
1108 3659 1141 3722 in
1158 3673 1188 3722 tc

214 3765 297 3839 Solo,
313 3765 358 3828 nil
374 3765 471 3841 verbi,
486 3787 593 3850 pereas
608 3764 683 3848 quin
699 3763 831 3840 fortiter,
848 3762 969 3825 addam.

215 3867 314 3943 Quem
330 3866 411 3931 mala
425 3867 569 3944 stultitia,
585 3879 616 3930 et
631 3885 845 3950 quemcunque
859 3863 981 3928 inscitia
997 3864 1061 3928 veri

210 3966 342 4031 ‘Caecum
359 3968 438 4052 agit,
453 3967 595 4031 insanum
614 3966 786 4052 Chrysippi
802 3966 939 4051 porticus
954 3980 985 4030 et
999 3986 1076 4050 grex

214 4071 375 4133 Autumat.
407 4070 488 4133 Haec
503 4070 648 4154 populos,
665 4069 733 4133 hoec
747 4091 876 4154 magnos
891 4068 1024 4132 formula
1039 4089 1137 4151 reges,
1166 4071 1210 4131 ld

215 4173 357 4254 Excepto
372 4171 521 4254 sapiente,
538 4185 632 4235 tenet.
680 4173 772 4235 Nunc
787 4171 891 4255 accipe
906 4191 1000 4253 quare
