2872 5010
513 498 704 546 ssursouuu
733 502 798 546 urs.
824 505 848 546 1.
862 486 894 546 3.
1201 492 1223 557 9

226 651 341 717 Omnia
356 673 479 736 magna,
494 648 640 736 loquens:
665 652 768 729 modo,
786 652 833 716 Sit
849 652 928 716 mihi
943 675 1049 717 menss
1068 654 1175 739 tripes,
1193 670 1225 721 ot

227 753 358 818 Concha
371 753 444 817 sslis
458 752 540 837 puri,
553 766 587 817 et
601 766 674 836 toga
689 774 760 837 quae
774 753 940 818 defendere
953 755 1064 838 frigus,

226 855 377 932 Quamvis
392 877 504 930 crasse,
518 868 621 939 queat.
665 855 780 918 Decies
795 868 924 919 centens
938 856 1075 921 dedisses
1183 860 1225 923 15

226 958 314 1021 Huic
330 979 423 1041 parco
437 956 545 1039 paucis
558 968 714 1031 contento,
730 955 867 1039 quinque
881 955 991 1019 dicbus

226 1057 283 1120 Nil
298 1071 364 1120 erst
377 1057 409 1120 in
425 1055 552 1120 loculis:
577 1069 682 1119 noctes
698 1055 849 1139 vigilabat
863 1057 904 1120 ad
918 1057 1021 1140 ipsum

227 1160 336 1234 Mene,
352 1158 433 1222 diem
451 1170 549 1221 totum
566 1157 733 1229 stertebat3
758 1157 804 1219 nil
819 1157 880 1220 fuit
896 1181 1032 1243 unquam

227 1260 279 1324 Sic
294 1260 394 1344 impar
409 1258 477 1322 sibi.
523 1258 618 1321 Nunc
632 1256 744 1342 aliquis
758 1257 843 1322 dicat
858 1259 947 1335 mihi,
964 1261 1049 1337 Quid
1066 1265 1123 1324 tu?

226 1361 364 1424 Nullane
378 1359 473 1424 habes
488 1358 588 1421 vitis?
606 1359 675 1423 Imo
690 1359 762 1434 elia,
778 1374 810 1423 et
824 1359 953 1424 fortasse
969 1362 1096 1428 minora.
1182 1366 1225 1427 20

226 1462 365 1526 Moenius
381 1462 537 1526 absentem
554 1460 692 1523 Novium
708 1482 779 1524 cum
795 1475 954 1544 carperet;
973 1464 1064 1527 Heus
1081 1477 1126 1540 tu,

226 1565 363 1643 Quidam
377 1563 432 1639 ait,
448 1561 572 1645 ignoras
588 1564 644 1624 te?
658 1583 698 1625 sn
711 1575 748 1625 ut
763 1561 905 1646 ignotum
920 1563 994 1628 dure
1008 1564 1096 1628 nobis

227 1666 329 1753 Verba
343 1665 457 1748 putes?
473 1663 611 1745 Egomet
625 1662 669 1724 mi
683 1661 820 1744 ignosco,
836 1663 975 1727 Maenius
990 1664 1102 1747 inquit.

228 1765 351 1829 Stultus
367 1777 399 1827 et
412 1763 572 1846 improbus
586 1761 639 1825 hic
653 1784 739 1826 emor
753 1776 811 1842 est,
827 1764 1004 1854 dignusque
1018 1765 1127 1846 notari.

227 1869 308 1931 Cum
326 1878 381 1928 tua
395 1864 557 1948 pervideas
571 1863 669 1927 oculis
684 1864 766 1928 msle
780 1865 887 1949 lippus
901 1865 1049 1944 inunctis,
1180 1871 1223 1934 25

228 1968 294 2030 Cur
307 1967 341 2030 in
355 1966 523 2030 amicorum
540 1964 625 2029 vitiis
641 1977 705 2029 tsm
720 1966 819 2030 cernis
834 1981 972 2046 acutum,

229 2072 331 2148 Quam
347 2082 402 2132 sut
416 2067 531 2153 aquilo,
546 2079 602 2131 sut
616 2089 742 2152 serpens
757 2068 970 2151 Epidaurius!
988 2073 1036 2134 At
1048 2070 1103 2134 tibi
1119 2084 1225 2138 contrs

229 2170 357 2247 Evenit,
372 2169 532 2254 inquirant
545 2169 622 2232 vitis
638 2183 673 2232 ut
689 2182 743 2233 tua
758 2192 863 2234 rursus
879 2184 910 2234 et
924 2170 979 2235 illi.

230 2270 413 2339 Iracundior
426 2283 474 2333 est
488 2268 605 2353 paulo?
622 2269 726 2333 minus
741 2283 833 2354 aptus
846 2272 945 2335 acutis

229 2373 365 2436 Naribus
379 2369 491 2433 horum
507 2369 668 2434 bominum
681 2374 694 2433 ?
709 2370 804 2434 rideri
818 2372 924 2456 possit,
941 2375 1074 2459 eoquod
1182 2377 1225 2437 30

229 2472 392 2538 Rusticius
407 2485 498 2535 tonso
513 2483 587 2554 toga
599 2470 721 2551 defluit,
737 2485 769 2537 et
782 2473 862 2538 male
876 2474 968 2539 luxus

229 2579 269 2640 In
284 2575 365 2660 pede
378 2574 499 2637 calceus
512 2570 636 2636 boeret?
651 2574 695 2636 At
709 2585 756 2637 est
770 2573 879 2652 bonus,
897 2589 932 2639 ut
949 2576 1056 2639 melior
1071 2576 1119 2638 vir

229 2677 301 2739 Non
317 2674 396 2738 slius
411 2673 592 2758 quisquam:
609 2686 641 2738 st
657 2673 713 2739 tibi
728 2673 863 2738 amicus:
882 2690 914 2739 at
929 2676 1088 2759 ingenium
1104 2678 1214 2762 ingens

229 2776 355 2839 Inculto
369 2775 445 2840 lstet
461 2773 519 2838 hoc
534 2775 592 2837 sub
606 2797 740 2860 corpore.
791 2777 936 2861 Denique
951 2778 1083 2862 teipsum

229 2880 381 2952 Concute,
396 2897 536 2962 numqua
551 2876 606 2940 tibi
622 2877 769 2940 vitiorum
784 2877 930 2942 inseverit
945 2880 1017 2943 olivn
1181 2885 1224 2946 35

228 2981 360 3056 Natura,
377 2990 430 3041 sut
444 2977 538 3041 etism
550 2978 740 3041 consuetudo
751 2978 850 3052 mala;
867 3000 1000 3064 namque

228 3080 387 3165 Neglectis
401 3079 520 3142 urende
535 3077 601 3141 filix
615 3078 786 3143 innascitur
801 3079 891 3162 agris.

229 3182 312 3245 Illuc
327 3168 567 3264 praevertsmur;
587 3193 755 3243 amatorem
772 3180 855 3262 quod
869 3180 977 3244 amicoe

228 3281 352 3366 Turpia
368 3279 529 3363 decipiunt
545 3279 764 3359 caecum-vitia,
780 3281 939 3345 autetiam
956 3283 1023 3366 ipsa
1037 3283 1105 3347 haec

228 3384 415 3453 Delectant3
432 3380 530 3445 veluti
546 3378 712 3445 Balbinum
727 3382 861 3466 polypus
877 3383 1018 3467 Hsgnoe:
1183 3387 1226 3446 40

229 3483 347 3547 Vellem
363 3483 396 3545 in
409 3481 549 3545 amicitia
563 3481 607 3546 sic
622 3472 812 3556 erraremus3
830 3499 861 3547 et
876 3484 928 3547 isti

229 3584 337 3647 Errori
351 3605 464 3648 nomen
479 3582 578 3646 virtus
593 3584 746 3667 posuisset
761 3583 935 3648 honestum.

230 3687 288 3760 At,
304 3697 390 3769 patet
406 3697 441 3747 ut
456 3683 557 3767 gnati,
572 3684 616 3748 sic
632 3706 688 3747 nos
703 3686 850 3749 debemus
865 3688 967 3763 amici,

232 3783 349 3870 Siquod
364 3786 404 3848 sit
420 3786 542 3863 vitium,
558 3807 620 3849 non
634 3785 792 3851 fastidire:
811 3790 984 3855 strabonem

229 3886 377 3971 Appellat
392 3889 516 3950 Paeturu
532 3899 638 3972 pster;
656 3903 687 3952 et
702 3889 843 3966 Pullum,
860 3892 940 3958 male
954 3915 1068 3975 parvus
1183 3898 1225 3959 45

232 3989 265 4051 Si
281 3987 331 4051 cui
347 3988 428 4051 lilius
442 4002 500 4067 est,
516 4001 552 4052 nt
566 3988 725 4053 ebortivus
739 3989 800 4054 luit
815 3990 889 4054 olim

232 4088 403 4173 Sisyphus:
417 4088 511 4168 hunc,
528 4090 656 4167 Varum,
672 4091 809 4154 distortis
825 4094 982 4168 cruribus;
1000 4098 1088 4162 illum

231 4193 374 4258 llalbutit
391 4195 553 4270 Scaurum,
568 4193 673 4276 parvis
687 4194 802 4258 fultum
819 4196 898 4260 male
914 4198 992 4262 talis.
