2872 5010
419 482 660 529 nrrsronaauu
688 482 755 525 arn.
780 483 817 524 u.
843 464 871 524 1.
1083 463 1148 522 ‘223

151 639 340 707 Pontificum
356 640 461 713 libros,
478 660 593 704 annosa
608 638 766 702 volumina
781 650 899 715 vatum,

152 745 287 812 Dictitct
302 745 424 809 Albano
439 746 549 809 Musas
565 743 597 805 in
612 741 859 806 monte-locutas.

154 848 200 926 Si,
215 849 289 934 quia
305 849 487 912 Graecorum
503 858 576 909 suut
590 843 804 928 antiquissima
817 863 949 928 quaeque

153 952 278 1034 Scripta
293 950 343 1014 rel
357 950 485 1034 optima,
501 947 637 1012 Romani
652 959 801 1031 pensatur
815 946 922 1010 eadem

151 1053 326 1138 Scriptores
342 1052 469 1127 trutina,
484 1073 546 1115 non
562 1050 707 1134 estquod
723 1049 821 1113 multa
835 1048 1014 1133 loquamur:
1108 1052 1151 1111 30

157 1155 213 1219 Nil
227 1156 309 1219 intra
324 1168 370 1219 est
384 1155 494 1232 oleam,
510 1153 556 1216 nil
571 1167 658 1218 extra
673 1152 767 1215 estin
782 1172 863 1216 nuce
876 1151 959 1215 duri.

156 1256 305 1320 Venimus
319 1256 359 1320 ad
375 1277 528 1320 summum
543 1255 694 1319 fortunae:
719 1253 899 1338 pinguimus
909 1265 1002 1338 atque

158 1358 336 1436 Psallimus,
353 1371 384 1421 et
398 1358 552 1421 luctamur
565 1355 695 1420 Achivis
710 1355 830 1419 doctius
844 1355 957 1419 unctis.

158 1460 193 1524 Si
208 1460 335 1524 meliora
350 1459 427 1533 dies,
444 1470 479 1520 ut
494 1457 578 1533 vina,
593 1463 736 1540 poemata
749 1457 863 1533 reddit,

159 1560 246 1624 Scire
261 1560 366 1636 velim,
382 1559 517 1643 pretium
533 1556 648 1622 chartis
661 1571 775 1640 quotus
788 1571 911 1641 arroget
926 1579 1034 1622 annus.
1111 1560 1153 1620 35

160 1663 300 1746 Scriptcr
314 1661 429 1725 abhinc
443 1682 540 1724 anuos
555 1673 679 1724 centum
694 1658 747 1741 qui
761 1658 888 1737 decidit,
903 1658 985 1725 inter

161 1764 321 1828 Perfectos
336 1775 515 1847 veteresque
529 1761 635 1826 referri
651 1761 767 1825 debet?
790 1783 830 1825 an
845 1762 926 1825 inter

161 1865 247 1929 Viles
263 1878 355 1950 atque
370 1869 489 1930 novos?
512 1864 657 1928 excludat
666 1863 772 1948 jurgia
785 1861 866 1927 finis.

158 1968 197 2056 ii
215 1969 276 2031 Est
290 1983 380 2031 vetus
395 1980 488 2051 atquc
502 1968 627 2051 probus,
644 1981 767 2031 centum
782 1965 836 2051 qui
850 1965 971 2050 perficit
985 1987 1091 2030 annos.

162 2072 191 2143 ii
210 2070 306 2147 Quid,
316 2068 375 2154 .qui
390 2069 523 2153 deperiit
537 2069 638 2133 minor
648 2090 711 2132 uno
725 2089 841 2147 meuse,
857 2069 907 2133 rel
922 2091 1015 2143 auno,
1115 2070 1157 2131 40

164 2173 252 2236 Inter
266 2193 342 2256 quos
357 2170 535 2234 referendus
549 2171 633 2233 erit?
657 2183 814 2233 veteresne
828 2178 961 2254 poetas?

164 2276 214 2337 An
228 2295 304 2358 quos
319 2286 350 2337 ct
364 2293 500 2356 praeseus
513 2284 545 2334 et
559 2284 682 2354 postera
694 2285 821 2355 respuet
834 2277 935 2337 aetas?

164 2377 198 2464 ῚῙ
219 2379 283 2440 Iste
298 2374 422 2460 quidem
440 2384 558 2438 veteres
573 2373 654 2436 inter
668 2388 800 2456 ponetur
814 2372 954 2454 honeste,

162 2477 227 2555 Qui
243 2477 293 2540 vel
309 2498 413 2540 mense
428 2475 514 2538 brevi
531 2475 579 2538 vel
594 2488 659 2539 tcto
674 2487 721 2538 est
730 2475 840 2558 junior
854 2497 944 2540 anuo.

165 2580 195 2651 ῚΙ
213 2580 297 2642 Utor
311 2578 471 2661 permisso,
487 2576 656 2661 caudaeque
669 2576 749 2661 pilos
763 2589 800 2640 ut
813 2578 946 2661 equium,
1119 2583 1159 2642 45

167 2679 324 2745 Paulatim
341 2679 433 2756 vello,
448 2690 480 2740 et
494 2677 585 2741 demo
600 2699 708 2754 unum,
724 2679 815 2743 demo
829 2680 922 2747 etiam
936 2703 1053 2754 uuum;

168 2780 254 2842 Dum
271 2779 362 2843 cadat
376 2778 481 2843 elusus
494 2778 614 2843 ratione
627 2780 746 2844 ruentis
757 2783 869 2861 acervi,

168 2882 231 2959 Qui
246 2880 327 2944 redit
342 2879 382 2944 ad
396 2880 503 2957 fastos,
518 2893 550 2946 et
566 2880 712 2946 virtutem
729 2884 862 2951 {estimat
873 2887 973 2966 annis,
1061 2950 1066 2959 .

169 2983 367 3066 Miraturque
382 2981 462 3045 nihil
473 2981 534 3046 uisi
548 2983 632 3068 quod
647 2985 790 3052 Libitine
804 2991 945 3054 sacravit.

169 3082 305 3160 Ennius,
321 3097 352 3147 et
367 3084 490 3168 sapiens
504 3098 536 3149 et
549 3085 650 3164 fortis,
663 3101 696 3150 ct
706 3088 783 3153 alter
800 3092 968 3170 Homerus,
1120 3099 1163 3156 50

171 3186 218 3249 Ut
233 3184 332 3248 critici
347 3186 467 3263 dicunt,
484 3186 593 3250 leviter
608 3209 714 3252 curare
729 3191 862 3270 videtur,

171 3288 242 3364 Quo
256 3287 406 3371 promissa
421 3287 544 3366 cadant,
560 3301 592 3353 et
606 3290 725 3356 somnia
740 3292 948 3379 Pythagorea.

172 3388 303 3452 Naevius
318 3389 350 3452 in
366 3388 507 3455 manibus
521 3413 584 3456 uon
599 3407 657 3471 est,
673 3409 705 3458 et
721 3396 874 3462 mentibus
889 3398 987 3464 haeret

170 3489 256 3553 Pene
270 3495 399 3554 recens?
422 3492 499 3557 adeo
513 3508 653 3559 sanctum
669 3509 715 3558 cst
732 3511 819 3560 vetus
834 3521 925 3562 omne
939 3508 1057 3582 po'cma.

173 3591 351 3674 Ambigitur
365 3593 486 3676 quoties
501 3605 570 3656 uter
585 3609 655 3656 utro
669 3594 711 3655 sit
724 3594 818 3674 prior,
833 3596 935 3659 aufert
1123 3606 1154 3664 5.
1255 3671 1257 3674 ,
1335 3632 1340 3641 ·

173 3691 330 3755 Pacuvius
346 3693 429 3757 docti
443 3691 557 3756 famem
573 3691 666 3768 senis,
681 3692 795 3754 Accius
809 3692 884 3756 alti:

174 3792 301 3856 Dicitur
315 3792 426 3855 Afrani
442 3805 514 3876 toga
528 3791 706 3857 convenisse
721 3795 898 3861 Menandro
910 3823 920 3874 ;

174 3894 306 3958 Plautus
321 3895 361 3958 sd
377 3896 532 3980 exemplar
549 3895 646 3960 Siculi
661 3920 823 3984 properare
839 3903 1020 3988 Epicharmi
1033 3931 1042 3976 ς

175 3997 308 4061 Vincere
324 3996 473 4062 Caecilius
486 3999 651 4084 gravitate,
668 4005 836 4069 Terentius
850 4020 924 4071 arte.

177 4098 247 4159 Hos
262 4097 382 4172 ediscit,
398 4111 429 4161 et
443 4098 500 4164 hos
516 4115 600 4166 arcto
615 4105 728 4189 stipata
744 4107 864 4172 theatro
1126 4111 1169 4176 60

179 4201 307 4283 Spectat
322 4200 424 4263 Roma
438 4216 569 4283 potens;
593 4205 688 4271 habet
703 4209 759 4272 hos
774 4226 974 4296 numeratque
989 4223 1095 4298 poetas
