2872 5010
479 489 667 534 cassinus:
691 490 758 533 nro.
781 489 817 532 rr.
840 473 871 534 8.

224 641 286 706 Sed
300 660 350 704 me
365 661 421 724 per
435 638 539 703 hostes
555 639 732 705 Mercurius
746 639 827 705 celer

221 743 328 807 Denso
342 732 509 824 paventem
520 739 647 805 sustulit
661 761 747 804 acre:

264 845 315 909 Te
329 864 435 906 misus
450 841 483 906 in
497 841 614 906 bellum
629 843 787 907 resorbens

306 945 404 1010 Unda
417 943 504 1008 fretis
520 942 593 1008 tulit
607 941 756 1008 aestuosis.

220 1046 307 1129 Ergo
321 1044 489 1128 obligatam
504 1044 598 1108 redde
612 1043 636 1106 J
637 1044 689 1108 ovi
703 1045 825 1129 dapem

221 1146 392 1231 Longaque
405 1145 520 1209 fessum
534 1144 645 1211 militia
660 1145 741 1210 latus

262 1247 393 1330 Depone
408 1246 465 1309 sub
481 1245 571 1311 lauru
584 1267 671 1319 mes:
696 1268 753 1313 nec
826 1310 828 1315 ,

305 1349 403 1413 Parce
418 1347 502 1412 cadis
518 1347 574 1412 tibi
589 1347 761 1412 destinatis.

220 1450 381 1516 Oblivioso
399 1448 481 1513 levia
496 1447 634 1511 Massico

220 1551 346 1616 Ciboria
361 1550 450 1634 exple
462 1575 471 1623 ;
495 1547 592 1612 funde
606 1548 770 1632 capacibus

263 1654 436 1736 Unguenta
450 1650 490 1714 de
504 1647 649 1713 conchis:
674 1649 742 1733 quis
757 1650 818 1713 udo

281 1798 286 1805 -
307 1754 521 1836 Deproperare
535 1751 606 1834 apio
621 1742 747 1813 co'ronas

221 1858 359 1919 Curatve
373 1857 499 1938 myrto?
521 1842 612 1937 queni
630 1851 734 1916 Venus
750 1852 897 1917 arbitrum

221 1957 314 2021 Dicet
328 1955 478 2020 bibendi?
500 1975 564 2018 non
578 1976 636 2039 ego
650 1953 753 2018 sanius

264 2058 444 2123 Bacchabor
458 2056 599 2121 Edonis:
623 2067 748 2139 recepto

307 2159 408 2224 Dulce
422 2158 499 2222 mihi
512 2158 614 2222 furere
627 2172 674 2221 est
689 2157 796 2222 amico.

448 2493 542 2554 ODE
567 2493 668 2558 VIII.
714 2489 766 2568 (si.
783 2498 900 2573 xviri.)

551 2664 599 2706 AD
623 2664 791 2708 namnum.

220 2812 322 2874 Usus
338 2811 363 2874 si
373 2810 454 2896 juris
470 2810 526 2874 tibi
541 2811 669 2895 pejersti

219 2914 329 2990 Poena,
347 2912 472 2989 Barine‚
488 2911 642 2977 nocuisset
656 2933 805 2997 unquam,

219 3015 323 3078 Dente
337 3013 364 3076 si
378 3013 468 3097 nigro
482 3012 581 3091 fieres,
597 3013 647 3079 vel
662 3036 724 3078 uno

346 3112 484 3197 Turpior
498 3114 605 3199 ungui,
624 3128 630 3147 ⁴

219 3216 402 3279 Crederem:
427 3214 482 3279 sed
497 3228 542 3292 tu,
555 3215 646 3278 simul
662 3214 806 3299 obligeisti

219 3317 377 3382 Perfidum
393 3316 473 3380 votis
488 3329 592 3400 caput,
608 3316 749 3381 enitescis

216 3418 380 3483 Pulchrior
394 3418 503 3497 multo,
514 3419 728 3505 juvenumque
741 3420 846 3504 prodis

347 3521 479 3586 Publica
492 3544 573 3587 cura.

216 3624 357 3707 Expedit
372 3623 478 3687 matris
492 3623 608 3687 cineres
624 3637 745 3707 opertos

217 3725 351 3803 Fallere,
364 3739 395 3788 et
410 3736 475 3788 toto
490 3723 643 3787 taciturna
656 3723 756 3788 noctis

219 3827 315 3911 Signa
330 3847 399 3890 cum
415 3825 506 3902 coelo,
520 3824 685 3908 gelidaque
700 3824 801 3889 Divos
829 3890 835 3901 ,
883 3880 888 3893 ,

346 3930 453 3993 Morte
467 3940 613 3992 carentes.
717 3933 719 3939 '

204 4029 317 4094 -Ridet
330 4029 398 4106 hoc,
414 4030 551 4114 inquam,
568 4031 674 4095 Venus
688 4029 774 4115 ipsa:
791 4032 894 4097 rident

219 4131 382 4215 Simplices
399 4132 567 4217 Nymphae,
582 4133 665 4209 ferus
679 4146 713 4196 et
727 4134 852 4219 Cupido
