2872 5010
289 438 333 504 94
609 458 640 504 n.
663 450 812 498 nourrii
839 455 961 499 erasus!

330 607 414 684 Quin
430 618 462 669 et
478 606 619 683 Atridas,
635 607 716 671 duee
730 618 772 681 tc,
787 606 936 691 superbos

330 708 391 772 Ilio
405 709 493 773 dives
509 709 654 774 Priamus
669 708 787 786 relicto,

328 811 559 896 Thessalosque
573 810 662 895 ignes
677 825 709 875 et
723 810 830 896 iniqua
845 810 955 894 Trojoe

502 916 612 977 Castra
627 913 746 978 fefellit.

330 1016 386 1078 Tu
401 1013 468 1098 pias
482 1015 562 1079 laetis
578 1015 697 1079 animas
711 1012 834 1100 reponis

331 1115 475 1188 Sedibus,
493 1116 640 1202 virgaque
658 1116 757 1180 levem
773 1135 894 1181 coerces

331 1219 434 1281 Aurea
449 1218 582 1295 turbam,
598 1218 717 1303 superis
732 1220 871 1283 Deorum

503 1321 622 1384 Gratus
637 1333 668 1383 et
683 1320 764 1383 imis.

524 1571 621 1634 ODE
646 1571 712 1633 XI.
760 1568 925 1646 (nuruum
942 1575 1034 1654 κω.)

643 1727 689 1769 ΑΙ)
710 1727 926 1770 LEUCONOEN.

287 1842 341 1905 Tu
357 1862 398 1905 ne
411 1839 579 1925 quaesieris,
596 1838 674 1903 scire
687 1838 784 1915 nefas,
800 1861 892 1924 quem
907 1837 997 1916 mihi,
1012 1860 1102 1924 quem
1119 1839 1176 1907 tibi

287 1943 398 2005 Finem
417 1941 471 2003 Dii
487 1940 640 2016 dederint,
657 1941 843 2020 Leuconoe3
864 1963 922 2004 nec
937 1941 1128 2026 Babylonios

288 2041 436 2107 Temsiris
451 2062 603 2104 numeros.
650 2041 699 2104 Ut
713 2040 823 2104 melius
838 2041 987 2126 quicquid
1002 2043 1061 2109 erit
1073 2044 1152 2129 pati,

286 2147 349 2210 Seu
364 2145 467 2229 plures
481 2142 609 2220 hiemes,
625 2164 679 2207 seu
695 2142 804 2208 tribuit
818 2143 946 2229 Jupiter
960 2145 1115 2222 ultimam,

285 2250 365 2327 Quae
380 2269 463 2312 nunc
478 2245 628 2330 oppositis
643 2246 786 2311 debilitat
800 2246 976 2332 pumicibus
989 2258 1081 2315 mare.
1135 2290 1139 2297 ·
1261 2254 1283 2314 5

284 2351 496 2436 Tyrrhenum.
543 2351 661 2435 Sepias,
678 2351 751 2416 vina
765 2350 875 2437 liques,
890 2363 922 2414 el
936 2350 1037 2435 spatio
1046 2346 1137 2417 naevi

284 2454 379 2536 Spem
395 2452 518 2538 longam
534 2475 669 2517 reseces:
693 2455 767 2518 dum
783 2454 948 2541 loquimur,
962 2451 1085 2537 urgeris
1092 2451 1202 2519 invida

284 2554 391 2617 AEtas:
416 2577 507 2639 carpe
521 2555 615 2632 diem,
631 2578 723 2640 quam
740 2557 902 2622 minimum
917 2555 1043 2623 credula
1055 2567 1187 2639 posmm

558 2802 654 2864 ODE
679 2801 769 2863 XII.
813 2802 863 2877 (u.
882 2807 999 2882 xvur.)

653 2947 699 2988 an
715 2944 912 2991 aueusruu.

324 3064 427 3140 Quuru
444 3061 544 3127 virum
559 3075 614 3127 aut
628 3059 723 3126 heroa
736 3059 805 3144 lyra
819 3060 870 3123 vel
884 3061 946 3125 acri

322 3166 419 3231 Tibia
434 3165 529 3229 sumis
544 3165 708 3240 celebrare,
726 3161 821 3227 Clio?

321 3269 422 3347 Quem
439 3270 568 3333 Deum?
592 3267 681 3352 cujus
696 3267 813 3332 recinet
822 3266 930 3350 jocosa

450 3371 573 3434 Nomen
589 3369 702 3453 imago,

321 3473 386 3536 Aut
400 3472 434 3534 in
449 3471 601 3535 umbrosis
619 3470 784 3535 Heliconis
799 3469 872 3547 cris,

320 3573 386 3638 Aut
400 3595 493 3658 super
510 3574 623 3652 Pindo,
638 3573 781 3656 gelidove
796 3572 828 3638 in
846 3574 982 3636 Haemo?

320 3675 417 3740 Unde
431 3676 567 3741 vocalem
584 3688 697 3744 temere
712 3677 858 3743 insecutae

447 3775 575 3861 Orphea
590 3777 689 3858 silvae,

318 3881 398 3943 Arte
412 3891 552 3943 matema
566 3880 691 3962 rapidos
707 3897 876 3947 morantem

315 3979 497 4046 Fluminum
512 3980 619 4064 lapsus
633 3980 807 4065 celeresque
822 3995 943 4060 ventos,

314 4083 472 4150 Blandum
488 4096 520 4147 et
534 4080 649 4148 auritas
664 4081 777 4146 fidibus
792 4082 912 4148 canoris

444 4186 567 4249 Ducere
581 4205 721 4267 quercus.
