2872 5010
493 495 681 548 caanrnun
706 496 775 540 ura.
798 495 854 540 111.
875 479 906 540 3.

246 646 398 732 suspiret,
414 642 528 711 Eheu!
552 668 592 711 ne
606 646 692 712 rudis
707 647 864 731 agminum

246 751 383 834 Sponsus
399 749 527 813 lacessat
542 749 647 834 regius
663 770 806 834 asperum

289 854 393 916 Taetu
404 851 536 927 leonem,
552 873 643 938 quem
656 864 784 917 eruenta

328 954 390 1017 Per
404 953 521 1018 medias
535 954 617 1038 rapit
631 953 677 1019 ira
692 952 802 1018 caedes.

244 1057 365 1120 Duocr:
382 1070 413 1120 et
429 1056 573 1120 decorum
587 1070 634 1121 est
649 1077 705 1140 pro
720 1053 821 1140 patria
835 1055 932 1120 mori:

241 1157 329 1220 Mors
344 1170 375 1221 et
388 1156 528 1241 fugacem
544 1158 737 1242 persequitur
751 1156 851 1222 virum
865 1178 874 1231 3

284 1260 352 1322 Nec
365 1259 464 1342 parcit
478 1258 610 1323 imbellis
619 1259 760 1342 juventae

329 1358 516 1446 Poplitibus,
532 1360 680 1426 timidove
695 1375 793 1445 tergo.

241 1462 361 1540 Virtus,
377 1464 509 1547 repulsae
523 1459 626 1525 nescia
639 1463 784 1541 sordidae,

243 1564 443 1627 Intaminatis
458 1563 559 1648 fulget
573 1562 760 1628 honoribus:

285 1667 353 1731 Nec
369 1665 464 1728 sumit
478 1680 532 1729 aut
546 1665 635 1749 ponit
650 1687 771 1730 secures

328 1767 469 1830 Arbitrio
485 1767 642 1851 popularis
657 1788 751 1831 aurae.

241 1868 362 1946 Virtus,
377 1869 539 1933 recludens
553 1868 715 1933 immeritis
730 1868 805 1932 mori

242 1971 378 2050 Coelum,
395 1984 507 2054 negata
522 1983 621 2034 tentat
635 1970 694 2035 iter
710 1971 776 2045 νίας

287 2075 459 2159 Coetusque
474 2073 617 2157 vulgares
632 2085 664 2136 et
678 2073 772 2138 udam

327 2176 452 2260 Spernit
465 2174 596 2239 humum
610 2174 750 2257 fugiente
764 2198 875 2259 penna.

242 2279 303 2340 Est
317 2290 349 2340 et
360 2277 445 2341 lideli
459 2289 527 2339 tuta
541 2275 665 2339 silentio

242 2379 381 2442 Merces:
406 2379 530 2456 vetabo,
545 2377 600 2462 qui
616 2377 739 2440 Cereris
754 2400 873 2443 sacrum

283 2480 429 2562 Vulgarit
444 2479 645 2554 arcanae,sub
660 2479 769 2543 iisdem

329 2582 377 2646 Sit
394 2581 543 2658 trabibus,
558 2579 740 2663 fragilemve
755 2602 874 2646 mecum

242 2688 349 2752 Solvat
363 2685 533 2769 phaselum.
581 2685 671 2767 Saepe
686 2683 845 2769 Diespiter

150 2836 153 2842 ι
240 2790 410 2874 Neglectus
422 2788 538 2851 incesto
553 2786 675 2851 addidit
690 2785 862 2871 integrum:

283 2890 368 2952 Raro
383 2887 614 2950 antecedentem
630 2884 792 2948 scelestum

324 2988 470 3054 Deseruit
485 2989 564 3073 pede
580 2989 680 3052 Poena
694 2985 814 3051 claudo.

509 3190 870 3208 μ’

488 3312 584 3375 ODE
610 3311 680 3374 111.
726 3308 779 3386 (rt.
806 3316 891 3394 xlx.)

238 3465 376 3526 duorum
393 3476 424 3526 et
440 3476 577 3528 tenacem
592 3462 743 3548 propositi
759 3463 871 3542 virum,

238 3567 310 3628 Non
326 3565 439 3628 civium
455 3567 545 3630 ardor
560 3586 655 3649 prava
664 3565 856 3648 jubentium,

282 3668 357 3729 Non
372 3666 478 3730 vultus
493 3665 636 3729 instantis
652 3665 786 3746 tyranni,

324 3770 436 3831 Mente
450 3766 550 3852 quatit
565 3766 674 3844 solida,
689 3755 789 3851 neque
804 3770 922 3837 Auster

237 3871 314 3931 Dux
326 3869 455 3953 inquieti
468 3868 609 3935 turbidus
620 3867 738 3949 Adue,

237 3974 305 4035 Nee
319 3971 512 4036 fulminantis
527 3993 639 4056 magna
654 3994 761 4037 manus
775 3975 799 4038 J
801 3975 884 4042 ovis:

281 4073 313 4135 Si
328 4071 444 4136 fractus
459 4073 604 4138 illabatur
618 4077 711 4155 orbis,

323 4175 520 4257 Impavidnm
535 4177 646 4246 ferient
661 4179 768 4247 ruincc.
