2872 5010
520 500 709 543 sannionum
736 499 802 541 nra.
829 501 850 542 ι.
874 485 903 543 5.
1169 489 1209 566 17

216 651 398 717 l‘raecinctis
414 670 527 714 unum:
552 648 655 711 minus
671 661 717 711 est
731 649 834 733 grans
852 652 958 734 Appio
973 653 1078 717 tardis.

215 752 281 819 Hic
295 753 364 839 ego,
380 765 506 838 propter
519 771 642 836 aquam,
658 751 822 834 quoderat
837 754 1005 833 teterrima,
1021 757 1122 820 ventri

215 856 327 920 Indico
341 855 468 932 bellum,
484 866 643 918 coenantes
656 852 741 916 haud
757 853 860 917 animo
875 876 964 940 aequo

215 953 408 1042 Exspectaus
422 955 558 1019 comites.
603 955 626 1017 J
628 975 678 1018 am
690 973 756 1018 'nox
769 956 915 1021 inducere
931 959 1020 1022 terris

215 1056 362 1136 Umbras,
377 1071 410 1122 et
424 1055 504 1122 coelo
518 1055 692 1121 diffimdere
706 1057 795 1141 signa
809 1059 954 1141 perabat:
1166 1066 1207 1128 10

213 1162 299 1224 Tum
315 1159 403 1244 pueri
417 1158 532 1235 nautis,
547 1158 651 1243 pueris
666 1158 805 1223 convicia
819 1172 924 1224 nautae

214 1262 369 1346 Ingerens.
414 1260 443 1332 ll
456 1255 531 1323 Huc
544 1259 674 1343 appelle.
721 1259 750 1331 ll
763 1263 934 1326 Trecentos
948 1261 1068 1343 inseris,
1083 1264 1162 1329 ohe!
1203 1270 1206 1277 '

210 1366 286 1428 Jam
301 1365 375 1429 sotis
389 1376 445 1429 est.
490 1362 617 1433 illlum
633 1382 676 1425 aes
691 1359 837 1445 exigitur,
851 1363 927 1426 dum
943 1364 1028 1428 mula
1041 1365 1168 1450 ligatur,

212 1466 298 1530 Tota
311 1464 377 1530 abit
391 1463 485 1528 hora:
509 1463 584 1527 mali
599 1462 724 1538 culices,
739 1485 884 1548 rauaeque
897 1465 1050 1548 palustres

212 1567 372 1631 Avertunt
386 1586 526 1629 somnos:
551 1563 709 1628 absentem
726 1576 761 1627 ut
775 1577 880 1628 cantat
893 1566 1022 1631 amicam
1162 1572 1203 1633 15

212 1667 320 1731 Multa
333 1666 475 1751 prolutus
490 1686 592 1748 vappa
606 1676 713 1740 nauta,
729 1677 821 1748 atque
836 1664 936 1729 viator

211 1769 384 1840 Certatim
409 1767 533 1831 tandem
548 1766 647 1830 sessus
662 1765 795 1829 dormire
809 1764 909 1830 viator

213 1868 349 1953 Incipit;
374 1891 410 1932 ac
424 1866 526 1932 missa
541 1880 663 1952 pastum
679 1865 848 1931 retinacula
862 1867 956 1931 mulae

211 1972 318 2036 Nauta
332 1971 420 2055 piger
434 1991 508 2034 saxo
522 1967 644 2053 religat,
660 1969 822 2054 stertitque
836 1969 976 2053 supinus.

209 2073 345 2158 Jamque
360 2073 425 2137 dies
440 2073 557 2149 aderat,
572 2090 643 2135 cum
658 2070 704 2134 nil
718 2072 883 2154 procedere
897 2072 1020 2137 lintrem

211 2174 384 2238 Seutimus:
409 2175 507 2238 donec
522 2173 699 2237 cerebrosos
712 2173 833 2255 prosilit
847 2195 941 2249 unus,

209 2275 261 2339 Ac
275 2276 369 2339 mulae
383 2290 548 2360 nauoeque
562 2286 656 2357 caput
666 2273 849 2358 lumbosque
863 2274 983 2358 saligno

210 2377 308 2440 Fuste
322 2377 425 2440 dolat:
449 2389 559 2461 quarta
572 2374 627 2436 vix
641 2375 765 2439 demum
781 2375 964 2458 exponimur
977 2376 1063 2441 hora.

209 2477 274 2541 Ora
288 2498 457 2561 manusque
472 2489 527 2541 tua
540 2476 684 2552 lavimus,
701 2472 843 2552 Feronia,
858 2473 997 2561 lympha.

209 2578 317 2642 Millia
332 2591 398 2642 tum
413 2577 517 2662 pransi
532 2576 591 2641 tria
603 2576 751 2660 repimus,
766 2589 859 2662 atque
873 2579 1012 2644 subimus

210 2679 396 2763 Impositum
412 2679 493 2744 saxis
508 2677 570 2742 late
584 2677 786 2742 candentibus
801 2680 923 2741 Anxur.

209 2778 284 2845 Huc
300 2794 447 2844 venturus
463 2793 528 2844 erat
543 2782 703 2844 Maeceuas
718 2780 863 2863 optimus,
880 2795 972 2866 atque

209 2884 376 2948 Cocceius:
399 2883 484 2947 missi
500 2884 620 2967 magnis
634 2883 674 2946 de
688 2884 779 2946 rebus
794 2897 924 2969 uterque

208 2985 333 3070 Legati,
349 3008 471 3050 averem
485 2985 569 3049 soliti
584 3006 765 3069 componere
780 2986 904 3049 amicos.

208 3087 272 3150 Hic
286 3087 383 3150 oculis
397 3109 455 3171 ego
469 3087 559 3170 nigra
573 3086 649 3150 meis
664 3086 792 3170 collyria
806 3087 911 3171 lippus

208 3187 344 3251 Illinerc.
390 3189 516 3252 Interea
530 3187 692 3252 Maecenas
708 3188 845 3265 advenit,
861 3201 953 3273 atque

208 3289 367 3365 Cocceius,
384 3289 558 3374 Capitoque
572 3290 664 3353 simul
680 3290 842 3368 Fonteius,
859 3293 899 3354 ad
915 3315 1049 3377 unguem

206 3392 323 3453 Factus
337 3388 442 3467 homo,
458 3392 590 3467 Antoni,
605 3413 667 3455 non
683 3404 719 3455 ut
733 3393 831 3475 magis
846 3391 934 3473 alter,
951 3396 1077 3460 amicus.

207 3489 334 3556 Fundos
349 3490 474 3555 Aufidio
491 3492 596 3556 Lusco
612 3491 749 3556 Praetore
763 3494 895 3557 libenter

207 3594 404 3678 Linquimus,
419 3593 519 3658 insani
533 3594 669 3658 ridentes
685 3595 811 3679 praemia
826 3595 948 3672 scribae,

206 3697 405 3774 Praetextam,
421 3707 452 3759 et
466 3696 564 3760 latum
580 3696 713 3773 clavum,
728 3718 898 3781 prunaeque
913 3697 1065 3762 vatillum.

207 3797 248 3859 lu
264 3797 493 3860 Mamurrarum
509 3797 582 3860 lassi
597 3796 710 3861 deiude
726 3798 801 3860 urbe
817 3818 985 3877 manemus,

205 3898 342 3961 Murena
352 3898 509 3982 proebeute
521 3897 661 3977 domum,
678 3898 831 3982 Capitone
845 3900 989 3965 culinam.

205 4000 334 4063 Postera
348 3999 403 4063 lux
417 3999 514 4063 oritur
528 3999 627 4063 multo
642 4000 835 4084 gratissima:
860 4024 993 4087 namque

205 4100 326 4164 Plotius
341 4113 373 4164 et
388 4100 499 4164 Varius
516 4101 671 4166 Sinuessae
689 4103 897 4189 virgiliusque

204 4199 401 4276 Occunuut;
426 4202 549 4279 animae,
565 4205 670 4288 quales
685 4227 785 4289 neque
799 4205 992 4270 candidiores

1048 4331 1064 4368 (ἶ
