2872 5010
531 481 666 527 EPODON
677 480 804 527 trouu.

217 631 309 695 Nessi
324 654 442 711 cruore,
459 655 517 699 nec
532 633 644 698 Sicana
657 631 778 699 fervido

217 733 321 797 Urens
336 733 368 799 in
384 738 484 801 AEtna
499 735 630 801 flamma
677 737 743 814 Τιι,’
759 734 857 800 donec
872 733 952 801 ciuis

216 835 382 919 Iujuriosis
397 837 501 902 aridus
516 836 619 904 ventis
632 836 725 917 ferar,
789 892 793 900 .

217 938 309 1002 Cales
324 940 450 1005 venenis
463 939 588 1005 officina
603 939 772 1006 Colchicis.

215 1041 297 1113 Quoe
310 1041 405 1106 finis?
427 1057 482 1108 aut
495 1045 577 1128 quod
593 1063 643 1109 me
655 1055 762 1109 manet
776 1041 965 1128 stipendium
979 1042 990 1107 ἓ

216 1143 340 1208 Effare:
359 1145 463 1230 jussas
479 1168 548 1212 curn
563 1145 625 1211 fide
639 1167 749 1231 poenas
763 1146 858 1223 lusor,

216 1251 349 1314 Paratus
363 1249 499 1334 expiare,
514 1270 569 1316 sau
583 1249 778 1333 poposceris.

216 1354 351 1418 Centum
362 1352 526 1438 juvencos,
541 1351 606 1414 sive
621 1351 845 1437 mendaci-lyra
978 1424 981 1430 ,

220 1453 311 1519 Voles
325 1454 443 1519 sonari:
468 1468 504 1520 tu
519 1454 645 1539 pudica,
661 1453 819 1537 mprobe,

217 1557 451 1623 Perambulabis
466 1569 548 1621 astra
561 1557 646 1621 sidus
659 1558 798 1620 curentur.

217 1660 349 1725 Infamis
365 1660 498 1723 Helenae
515 1662 627 1724 Castor
640 1656 777 1722 offensus
791 1655 870 1730 vice,

217 1762 385 1846 Fraterque
400 1761 505 1846 magni
521 1760 671 1838 Castoris
685 1758 761 1823 uicti
772 1780 876 1844 mooe,

217 1863 351 1927 Ademta
365 1862 430 1927 vati
446 1861 609 1928 reddidere
617 1861 751 1929 tumim.
818 1888 821 1895 ·

217 1966 263 2030 Et
278 1977 314 2029 tu
329 1967 430 2050 (potes
444 1969 531 2050 nam)
548 1965 632 2030 sobre
646 1964 877 2041 medenentia,
917 2010 919 2015 -

217 2070 247 2132 Ο
258 2089 315 2133 nec
329 2068 466 2152 paternis
480 2068 617 2135 obsoleta
627 2067 785 2145 sordibus,

216 2171 284 2233 Nec
299 2169 332 2233 in
347 2169 518 2255 sepulchris
530 2176 703 2255 paupenrur
715 2169 852 2253 tundens
867 2192 944 2235 anus

217 2273 427 2337 Nouendiales
441 2273 592 2356 dissipare
605 2272 758 2356 pulveres.

218 2373 294 2437 Tibi
310 2373 464 2457 hospitale
478 2386 598 2458 pectus,
613 2385 645 2436 et
660 2394 747 2457 purae
761 2394 892 2446 manus;

218 2477 372 2560 Tuusque
386 2490 494 2539 venter
509 2474 726 2549 Pactumeius;
750 2488 781 2538 et
797 2491 852 2538 tuo

218 2580 337 2642 Cruore
350 2578 458 2642 rubros
473 2576 622 2642 obstetrix
635 2599 753 2663 pannos
768 2576 857 2654 lavit,

218 2684 389 2767 Utcunque
402 2682 491 2745 fortis
507 2681 611 2746 exsilis
625 2703 785 2767 puerpera.

589 2854 748 2897 cantolu.

216 2977 307 3053 Quin
323 2970 472 3036 obseratis
487 2969 612 3034 auribus
625 2967 732 3032 fundis
746 2971 877 3051 preces?

218 3079 248 3142 N
250 3099 290 3140 on
306 3097 379 3140 saxa
392 3072 485 3137 nudis
499 3071 639 3136 surdiora
651 3069 766 3133 navitis

217 3181 383 3263 Neptunus
398 3176 462 3240 alto
478 3173 582 3237 tundit
596 3171 745 3235 hibernus
760 3171 833 3235 salo.

217 3280 342 3344 lnultus
356 3291 393 3342 ut
407 3291 442 3342 tu
457 3275 559 3339 riseris
575 3272 716 3358 Cotyttia

219 3381 364 3465 Vulgata,
380 3398 499 3442 sacrum
514 3375 605 3440 liberi
619 3373 809 3459 Cupidinis?

216 3485 262 3548 Et
277 3479 434 3568 Esquilini
449 3478 596 3543 Pontifex
611 3475 741 3542 venefici

218 3589 353 3671 Impune
366 3595 403 3647 ut
416 3583 523 3647 urbem
538 3579 664 3644 nomine
679 3576 816 3662 impleris
831 3577 922 3641 meo?

216 3687 303 3760 Quid
317 3685 462 3770 proderat
475 3683 590 3746 ditasse
607 3680 753 3763 Peliguas
766 3701 854 3757 anus,

216 3787 401 3853 velociusve
416 3782 574 3850 miscuisse
590 3781 751 3846 toxicum?

217 3891 280 3955 Sed
296 3887 430 3953 tardiora
443 3886 508 3952 fata
522 3898 553 3950 te
568 3883 649 3948 votis
663 3893 808 3947 manent:
833 3959 837 3966 Ι

217 3995 345 4078 Ingrata
359 3989 470 4054 misero
484 3988 551 4053 vita
564 3986 705 4052 ducenda
720 3997 778 4065 est,
794 3984 826 4049 in
841 3983 913 4063 boc,

216 4092 317 4159 Novis
331 4105 367 4157 ut
381 4113 479 4177 usque
493 4102 638 4176 suppetas
652 4089 818 4154 laboribus.

215 4200 315 4281 Optat
330 4193 466 4280 quietem
484 4191 610 4276 Pelopis
622 4178 736 4255 infidus
752 4201 849 4275 pater,

975 4310 995 4348 o
1019 4290 1040 4350 2
