2872 5010
314 445 376 510 146
650 467 841 522 orrosaru
866 469 989 512 rrarcr

358 617 403 679 Ut
420 619 561 679 Proetum
578 616 689 680 rnulier
704 617 822 702 perfida
837 617 996 682 credulum

357 718 459 781 Falsis
474 717 631 802 impulerit
647 718 838 796 criminibus,
853 719 945 781 nirnis

399 820 496 884 Casto
512 819 745 904 Bellerophonti

443 923 604 985 Maturare
619 942 737 1000 necem,
752 921 855 986 refert.

356 1025 470 1088 Narrat
484 1044 564 1106 pene
578 1021 685 1085 datum
701 1023 796 1087 Pelea
812 1026 958 1098 Tartaro,

356 1128 555 1208 Magnessam
571 1121 769 1205 Hippolyten
784 1124 858 1186 duro
874 1123 955 1206 fugit
969 1123 1145 1189 abstiueus:

398 1228 442 1289 Et
457 1245 584 1308 peccare
598 1222 742 1286 docentes
1097 1240 1100 1245 ·

441 1324 551 1389 Fallax
566 1321 710 1386 historias
724 1337 844 1394 movet;

354 1430 496 1490 Frustra:
519 1446 590 1488 narn
606 1422 740 1506 scopulis
755 1425 876 1488 surdior
894 1426 976 1489 Icari

352 1530 453 1591 Voces
464 1527 552 1590 audit
567 1523 669 1589 adbuc
685 1523 814 1608 integer.
858 1529 905 1589 At
921 1527 977 1590 tibi

399 1631 449 1692 Ne
464 1628 584 1691 vicinus
601 1626 743 1709 Enipeus

440 1729 518 1793 Plus
528 1729 617 1813 justo
627 1727 760 1811 placeat,
775 1749 858 1792 care.

326 1807 338 1826 ⁰
353 1829 503 1909 Quamvis
520 1850 582 1893 uon
597 1827 676 1892 alius
691 1827 813 1893 flectere
827 1851 939 1914 equum
955 1833 1053 1896 sciens

353 1933 458 2015 AEque
472 1930 661 2012 conspicitur
675 1929 816 2012 gramine
832 1932 962 2008 Martio,

397 2032 464 2093 Nec
477 2029 639 2113 quisquam
656 2029 736 2092 citus
751 2050 838 2114 aeque

440 2134 548 2195 Tusco
562 2130 688 2194 denatat
703 2130 803 2209 alveo,

351 2236 458 2300 Prirna
472 2247 561 2298 nocte
576 2234 702 2296 domurn
716 2232 836 2310 claude,
851 2254 950 2319 neque
966 2236 997 2298 in
1014 2238 1078 2302 vias

352 2339 418 2402 Sub
433 2349 526 2400 cantu
540 2333 678 2418 querulae
693 2333 816 2417 despice
832 2334 934 2411 tibiae;
962 2401 967 2411 ,

395 2436 436 2501 Et
452 2451 483 2502 te
497 2458 579 2520 soepe
590 2434 712 2500 vocanti

437 2540 569 2615 Duram,
586 2535 721 2601 difficilis
737 2557 837 2602 urane.

623 2822 986 2834 -——————

569 3033 664 3096 ODE
689 3034 790 3097 Vlll.
836 3033 890 3110 (n.
915 3043 1027 3119 xvrrr.)

643 3246 690 3298 ab
715 3258 951 3308 nsesnarnu.

344 3443 500 3504 Maarns
514 3437 629 3504 coelebs
643 3439 719 3524 quid
735 3463 823 3526 sgarn
840 3442 1002 3520 Calendis,

341 3541 427 3620 Quid
443 3540 540 3605 velint
554 3538 644 3604 fiores
659 3555 690 3606 et
706 3563 809 3609 acerra
824 3542 902 3608 turis

338 3642 448 3718 Plena,
464 3641 595 3721 miraris,
606 3643 788 3730 positusque
803 3647 896 3711 carbo
912 3646 943 3709 in

470 3743 597 3825 Cespite
613 3744 697 3821 rivo,

338 3843 441 3907 Docte
455 3863 610 3907 sermones
624 3847 784 3930 utriusque
799 3848 925 3930 linguae.

338 3944 490 4009 Voveram
505 3943 613 4007 dulces
629 3946 747 4028 epulas,
763 3961 795 4009 et
811 3946 916 4010 album

338 4042 454 4111 Libero
468 4062 606 4130 uptun,
620 4066 717 4129 prope
733 4045 894 4112 funeratus

463 4146 592 4212 Arboris
606 4145 681 4212 ictu.
