2872 5010
463 464 651 510 eremmon
676 462 741 507 nm.
764 462 817 507 ιιι.
842 445 894 507 94.

225 623 294 687 Nec
308 621 502 707 pestilentem
519 621 630 686 sentiet
646 619 789 684 Africum

226 723 387 788 Foecunda
402 723 486 800 vitis,
500 744 559 787 nec
572 721 707 786 sterilem
723 743 821 806 seges-

270 823 473 907 Rubiginem,
488 837 543 888 aut
557 823 664 887 dulces
680 822 798 886 alumni

195 981 198 988 .
311 925 469 991 Pomifero
482 947 577 1010 grave
592 937 715 1008 tempus
729 946 820 988 anno.

226 1029 320 1104 Nam,
335 1048 406 1111 quoe
420 1026 516 1091 nivali
532 1026 670 1110 pascitur
684 1025 799 1110 Algido

228 1130 352 1192 Devota
366 1149 497 1214 quercus
513 1127 596 1192 inter
610 1141 642 1192 et
657 1126 754 1203 ilices,

267 1231 338 1293 Aut
352 1228 461 1293 crescit
476 1229 610 1293 Albanis
626 1229 657 1291 in
672 1228 778 1292 herbis

312 1329 460 1406 Victima,
475 1329 656 1413 pontificum
672 1349 793 1392 secures

197 1475 201 1484 ·
228 1430 362 1494 Cervice
377 1429 517 1513 tinguet:
543 1442 574 1492 te
589 1428 669 1491 nihil
683 1426 795 1490 attinet

229 1531 368 1594 Tentare
383 1529 481 1593 multa
495 1529 582 1594 cade
594 1526 767 1591 bidentium

274 1632 394 1693 Parvos
410 1642 607 1693 coronantem
623 1626 742 1690 marino

316 1732 403 1794 Rore
419 1731 505 1794 Deos
519 1728 686 1814 fragilique
700 1738 812 1811 myrto.

231 1830 390 1892 Iumuurs
406 1850 489 1894 aram
505 1830 530 1892 si
547 1828 651 1912 tetigit
667 1849 787 1903 manus,

222 1934 303 1994 -Non
319 1930 478 1996 sumtuosri
488 1930 631 1996 blandior
643 1928 746 1994 hostici

275 2032 414 2097 Mollivit
430 2055 551 2097 aversos
566 2045 694 2117 penates

316 2134 415 2196 Farre
430 2134 494 2217 pio,
509 2147 541 2198 et
555 2132 685 2197 saliente
698 2132 787 2197 mica.

847 2374 954 2411 *usn-

466 2496 561 2559 ons
587 2496 723 2559 xxm.
770 2493 824 2573 (a.
844 2495 913 2577 xv.)
940 2454 980 2549 j

237 2649 409 2710 lurscrrs
425 2642 599 2727 opulentior

279 2745 451 2810 Thesauris
467 2744 607 2809 Arabum
623 2758 654 2810 et
669 2746 776 2810 divitis
793 2747 905 2825 lndioe,

236 2846 408 2912 Carmentis
424 2845 495 2910 licet
511 2867 641 2929 occupes

277 2946 476 3031 Tyrrhenum
493 2968 583 3011 omne
599 2947 660 3012 tuis
676 2960 707 3012 et
723 2970 805 3013 mare
819 2948 1004 3034 Apulicum3
1043 2953 1046 2957 ’

170 3102 177 3113 .
238 3047 271 3111 Si
289 3047 356 3130 figit
367 3047 581 3111 mamertinus

280 3148 415 3211 Summis
433 3148 601 3213 verticibus
615 3149 684 3213 dira
699 3149 875 3213 Necessitas

239 3248 364 3324 Clavos,
379 3269 441 3311 non
455 3249 592 3312 animum
609 3262 705 3327 metu,

282 3349 356 3412 Non
371 3349 478 3413 mortis
493 3349 611 3435 laqueis
625 3350 770 3436 expedies
785 3365 888 3436 caput.

239 3452 437 3534 Campestres
453 3450 562 3515 melius
579 3451 717 3535 Scythae,

282 3553 421 3630 Quorum
437 3551 576 3636 plaustra
590 3572 685 3634 vagas
700 3553 758 3615 rite
773 3552 901 3618 trahunt
916 3556 1034 3632 domos,

239 3652 371 3730 Vivant,
387 3664 419 3714 et
432 3651 527 3733 rigidi
539 3652 643 3727 Getae,

284 3753 450 3814 Immetata
460 3749 572 3833 quibus
580 3755 694 3835 jugero
708 3750 819 3816 liberas

242 3853 364 3937 Fruges
380 3863 411 3915 et
427 3850 571 3915 Cererem
586 3851 709 3926 feruut;

210 3992 217 4009 ι
235 4002 238 4005 -
284 3954 353 4016 Nec
368 3952 490 4017 cultura
504 3952 606 4038 placet
619 3953 742 4042 longior
756 3980 879 4037 annua3

244 4053 499 4140 Defunctumque
513 4055 667 4125 laboribus

287 4155 417 4239 AEquali
431 4171 547 4223 recreat
562 4174 644 4226 sorte
660 4161 804 4229 vicarius.
