2872 5010
523 489 711 536 enuuruun
736 493 803 537 mu.
827 497 872 539 ιν.
897 478 947 539 10.

284 636 428 720 Impune,
445 638 541 716 Lolli,
557 662 681 726 carpere
695 644 807 709 lividas

280 739 470 804 Oblivioncs.
516 743 576 806 Est
590 745 712 809 animus
728 746 787 812 tibi

325 842 504 928 Rerumque
516 847 663 929 prudens,
679 861 711 913 et
725 851 869 914 secundis

364 945 572 1030 Temporibus
588 950 751 1037 dubiisque
764 967 886 1027 rectus;

280 1047 402 1112 Vindex
418 1071 520 1114 avarae
533 1051 661 1130 fraudis,
679 1067 711 1119 et
725 1055 883 1120 abstinens

279 1149 430 1215 Ducentis
445 1152 485 1217 ad
500 1175 533 1218 se
547 1169 658 1222 cuncta
672 1159 830 1242 pecuniae3

319 1251 498 1338 Consulque
513 1278 575 1320 non
590 1258 682 1321 unius
697 1259 783 1337 anni,

364 1356 426 1419 Sed
440 1356 560 1439 quotics
574 1358 673 1421 bonus
687 1373 779 1442 atquc
793 1360 875 1424 fidus

275 1458 298 1519 J
301 1457 383 1520 udcx
396 1457 562 1522 honestum
577 1460 717 1543 praetulit
732 1460 815 1540 utili,
831 1475 862 1525 et

279 1559 403 1645 Rejccit
418 1560 481 1623 alto
495 1561 577 1625 dona
590 1561 770 1626 nocentium

319 1661 428 1736 Vultu,
445 1675 476 1725 et
491 1684 546 1745 per
560 1663 717 1728 obstantes
733 1678 872 1730 catervas

361 1764 524 1847 Explicuit
534 1786 590 1829 sua
604 1765 703 1830 victor
718 1788 811 1831 arma.

275 1866 306 1928 N
309 1886 353 1929 ou
369 1868 575 1951 possidentem
591 1868 690 1932 multa
704 1869 862 1933 vocaveris

274 1969 374 2033 Recte
388 1970 510 2034 beatum
522 1996 530 2045 ;
554 1970 670 2035 rectius
685 1985 816 2055 occupat

316 2072 438 2136 Nomen
450 2073 545 2151 beati,
560 2073 614 2158 qui
632 2073 772 2138 Deorum

359 2175 545 2239 Muneribus
560 2176 715 2259 sapienter
730 2176 788 2252 uti,

273 2274 453 2359 Duramque
468 2276 559 2341 callet
573 2277 753 2360 pauperiem
768 2277 854 2362 patic

272 2374 427 2461 Pejusque
441 2378 503 2442 leto
517 2377 670 2464 flagitium
687 2378 796 2444 timet:

314 2480 386 2542 Non
401 2480 454 2543 ille
469 2502 525 2564 pro
540 2482 618 2545 caris
631 2482 739 2546 amicis

356 2582 421 2645 Aut
434 2584 535 2666 patria
550 2582 678 2646 timidus
692 2583 801 2667 perire.

536 2932 631 2997 ODE
657 2933 703 2996 X.
752 2936 803 3017 (m.
821 2939 912 3015 κω.)

582 3125 629 3167 AD
653 3124 864 3168 molismum.

223 3280 253 3342 Ο
270 3297 437 3340 cnununrs
452 3275 564 3354 adhuc,
581 3290 612 3341 ct
627 3277 756 3342 Veneris
770 3281 949 3346 muneribus
965 3293 1085 3365 potens,

224 3382 386 3464 Insperata
400 3393 462 3442 tuae
478 3401 548 3444 eum
563 3381 666 3446 veniet
680 3383 787 3468 pluma
802 3385 968 3469 superbies,

220 3485 275 3559 Et,
292 3506 362 3568 quae
376 3505 459 3547 nunc
474 3482 610 3549 humeris
624 3485 802 3560 involitaut,
815 3485 987 3549 deciderint
1002 3505 1109 3561 comm,

221 3586 314 3649 Nunc
329 3600 360 3649 et
375 3586 427 3670 qui
439 3586 521 3651 color
536 3600 583 3651 cst
596 3584 737 3667 puniceae
753 3581 827 3644 flore
842 3583 925 3664 prior
939 3604 1029 3659 rosae,

220 3687 365 3752 Mutatus
380 3689 569 3774 Ligurinum
584 3682 741 3747 infaciem
758 3681 885 3746 verterit
898 3680 1072 3766 hispidam:
1190 3691 1210 3749 5

220 3788 326 3868 Dices,
343 3792 440 3853 Heu!
466 3785 600 3872 (quotics
616 3798 646 3848 tc
661 3784 693 3847 in
709 3782 835 3868 speculo
851 3784 965 3850 videris
980 3784 1123 3865 alterum)

218 3894 297 3969 Qum
312 3914 398 3957 mens
413 3908 460 3956 cst
474 3890 578 3968 hodic,
594 3911 649 3954 cur
663 3888 769 3953 cadem
784 3911 845 3953 non
861 3912 957 3976 puero
971 3890 1055 3956 fuit?

217 3993 276 4058 Vel
291 4016 346 4058 cur
359 3993 409 4058 his
423 3992 534 4058 animis
549 3993 717 4059 incolumes
731 4015 794 4058 non
809 3995 939 4060 redeunt
953 3997 1066 4080 gente?

527 4171 893 4186 m
