2872 5010
544 471 732 515 casurunsr
756 470 824 513 ars.
846 470 870 511 1.
892 449 943 511 34.
967 448 1019 511 35.

500 725 596 790 ODE
621 719 796 786 XXXIV.
842 716 896 796 (u.
920 722 1007 804 xrx.)

286 873 423 938 Parcus
440 871 579 936 Deorum
594 869 695 934 cultor
709 882 741 933 et
754 867 943 956 infrequens,

286 972 474 1038 Insanientis
489 972 562 1035 dum
578 969 739 1056 sapientiae

329 1073 498 1138 Consultus
512 1095 590 1151 erro,
605 1094 688 1135 nunc
703 1084 869 1135 retrorsum

372 1173 451 1238 Vela
466 1175 550 1251 dare,
564 1187 657 1259 atque
671 1173 781 1238 iterare
796 1196 904 1240 cursus

289 1277 393 1361 Cogor
406 1275 546 1339 relictos:
569 1296 702 1360 namque
717 1274 889 1359 Diespiter,

288 1379 361 1465 Igni
376 1399 502 1442 corusco
515 1377 624 1441 nubila
637 1375 782 1440 dividens

331 1481 530 1563 Plerumque,
546 1499 602 1562 per
616 1496 728 1561 purum
744 1487 886 1540 tonantes

374 1577 451 1665 Egit
466 1600 560 1663 equos
575 1576 790 1661 volucremque
805 1598 946 1650 currum;

291 1684 360 1759 Quo
375 1682 467 1745 bruta
482 1678 584 1755 tellus,
600 1689 631 1741 et
645 1697 725 1760 vaga
739 1675 878 1755 flumina,

292 1783 362 1858 Quo
377 1780 469 1864 Styx,
485 1792 516 1843 et
531 1776 623 1841 invisi
638 1775 763 1841 horrida
780 1779 907 1842 Trenari

337 1882 446 1959 Sedes,
462 1879 689 1963 Atlanteusque
704 1878 774 1942 finis

377 1982 571 2048 concutitur.
617 1981 710 2045 Valet
722 1980 786 2045 ima
801 1980 928 2044 summis

293 2085 420 2148 Mutare
434 2097 465 2148 et
479 2083 631 2168 insignem
646 2095 787 2147 attenuat
801 2083 902 2163 Deus,

292 2186 432 2250 Obscura
447 2205 603 2269 promens:
626 2183 700 2248 hinc
715 2185 834 2265 apicem
849 2205 945 2269 rapax

335 2288 476 2350 Fortuna
487 2305 557 2348 cum
572 2282 703 2346 stridore
718 2296 809 2347 acuto

379 2385 524 2463 Sustulit,
538 2384 591 2448 hic
605 2384 743 2468 posuisse
757 2383 882 2467 gaudet.

505 2718 600 2782 ODE
624 2717 778 2782 XXXV.
825 2715 878 2794 (u.
901 2722 989 2800 xix.)

608 2891 655 2934 AD
678 2890 876 2934 RORTUNAM.

295 3012 324 3073 0
340 3009 432 3071 Diva
450 3018 573 3090 gratum
589 3028 659 3091 quoe
674 3008 756 3091 regis
770 3007 915 3085 Antium,

295 3110 436 3173 Praesens
450 3106 500 3170 vel
514 3106 577 3170 imo
592 3107 700 3173 tollere
714 3108 754 3172 de
769 3109 868 3193 gradu

337 3208 477 3274 Mortale
488 3229 611 3293 corpus,
621 3208 672 3272 vel
686 3209 834 3292 superbos

380 3312 509 3374 Vertere
522 3310 681 3375 funeribus
695 3309 889 3395 triumphos:

295 3414 342 3478 Te
356 3433 474 3498 pauper
488 3411 585 3476 ambit
599 3411 732 3477 sollicita
745 3433 836 3496 prece

297 3515 394 3580 Ruris
409 3513 555 3588 colonus;
580 3526 611 3578 te
625 3514 781 3578 dominam
798 3513 941 3600 aequoris‚

339 3615 523 3699 Quicunque
540 3614 678 3698 Bithyna
692 3614 815 3678 lacessit
952 3661 954 3664 ψ

384 3715 589 3799 Carpathium
602 3715 733 3799 pelagus
747 3714 860 3779 carim
908 3716 910 3721 ’

298 3820 348 3883 Te
359 3819 467 3883 Dacus
482 3837 581 3900 asper,
597 3827 629 3878 te
643 3812 767 3901 profugi
784 3816 920 3902 Scythae,

297 3922 462 4006 Urbesque
476 3932 656 4003 gentesque,
673 3928 705 3982 et
720 3917 848 3984 Latium
863 3920 960 4001 ferox,

338 4025 525 4107 Regumque
539 4032 652 4086 manes
665 4019 876 4100 barbarorum,
892 4038 924 4103 et

382 4123 535 4207 Purpurei
550 4135 693 4188 metuant
708 4125 843 4208 tyranni,
