2872 5010
479 496 667 538 csaurnun
694 497 759 537 rsa.
785 496 839 537 iri.
863 473 913 556 27.

240 652 289 714 Sis
303 651 377 716 licet
391 651 466 716 felix
481 651 657 738 ubicunque
672 654 780 731 mavis,

236 756 284 818 Et
299 777 415 818 memor
431 757 538 832 nostri,
555 757 699 832 Galatea,
716 757 820 821 vivos:

236 859 348 941 Teque
364 880 421 922 nec
436 858 535 922 laevus
551 873 637 923 vetat
651 858 696 920 ire
711 858 812 942 picus,

324 961 392 1024 Nee
408 983 487 1045 vaga
501 962 617 1025 cornix.

237 1056 401 1126 Sed'vides
416 1077 532 1147 quanto
547 1063 680 1147 trepidet
695 1063 831 1127 tumultu

238 1166 360 1228 Pronus
375 1167 472 1229 Orion
488 1171 494 1229 !
519 1188 577 1251 ego
592 1165 667 1250 quid
683 1165 723 1229 sit
737 1178 803 1228 ater

235 1268 341 1331 Adriae
356 1268 429 1331 novi
445 1268 540 1344 sinus,
556 1268 677 1351 etquid
693 1268 780 1330 albus

321 1370 434 1433 Peccet
453 1371 563 1453 Iapyx.

238 1472 388 1535 Hostium
405 1493 515 1533 uxores
530 1469 680 1554 puerique
696 1491 792 1533 caecos

238 1573 381 1636 Sentiant
397 1587 498 1635 motus
513 1572 640 1635 orientis
656 1572 779 1647 Austri,
796 1585 827 1634 et

239 1675 387 1759 AEquoris
398 1675 479 1758 nigri
494 1674 664 1749 fremitum,
680 1687 712 1737 et
727 1687 890 1738 trementes

324 1777 458 1840 Verbere
472 1776 564 1861 ripas.

237 1880 290 1944 Sic
305 1896 336 1944 et
352 1883 479 1965 Europe
494 1880 618 1942 niveum
634 1877 740 1940 doloso

236 1983 379 2046 Credidit
396 1997 483 2047 tauro
498 1983 590 2057 latus,
608 1994 639 2043 et
654 1992 821 2043 scatentem

135 2137 137 2143 ,
237 2084 344 2148 Beluis
359 2099 488 2169 pontum
505 2083 682 2168 mediasque
696 2081 821 2146 fraudes

323 2188 441 2251 Palluit
458 2188 570 2251 audax.

236 2292 346 2373 Nuper
360 2289 393 2351 in
408 2290 505 2373 pratis
521 2286 658 2350 studiosa
672 2285 795 2363 florum,
811 2302 842 2351 et

236 2389 363 2455 Debitae
379 2389 537 2475 Nymphis
551 2387 655 2473 opifex
671 2410 803 2465 eoronae,

240 2493 340 2556 Nocte
355 2491 503 2555 sublustri
518 2490 598 2553 nihil
613 2504 694 2554 astra
709 2504 821 2574 praeter

323 2595 412 2659 Vidit
428 2607 459 2657 et
475 2594 595 2656 undas:

237 2702 318 2776 Quae
333 2697 426 2760 simul
442 2710 565 2759 centum
583 2696 686 2781 tetigit
697 2709 854 2780 potentem

235 2799 371 2885 Oppidis
388 2801 514 2870 Creten,
532 2800 626 2861 Pater
642 2800 671 2862 0
687 2798 827 2863 relietum

237 2903 329 2967 Filiae
343 2923 467 2976 nomen,
484 2902 652 2986 pietasque,
669 2902 760 2979 dixit,

322 3005 413 3068 Victa
428 3002 530 3067 furore
545 3008 552 3066 ἔ

236 3108 356 3171 Unde?
379 3129 441 3191 quo
456 3106 526 3170 veni
540 3111 553 3168 ?
576 3107 653 3170 levis
669 3128 730 3169 una
746 3127 827 3169 mors
843 3120 890 3170 est

235 3208 399 3293 Virginum
413 3208 523 3292 culpae.
569 3207 751 3292 vigilansne
767 3208 854 3291 ploro

235 3313 346 3394 Turpe
361 3310 583 3374 commissum?
607 3333 646 3374 an
664 3311 741 3375 vitio
756 3324 910 3375 carentem

322 3411 422 3474 Ludit
436 3411 539 3495 imago

236 3515 336 3592 Vana,
352 3535 423 3598 quae
439 3527 527 3597 porta
542 3513 665 3597 fugiens
681 3515 798 3578 eburna

236 3616 397 3682 Somnium
412 3614 523 3679 ducit?
548 3615 699 3677 meliusne
713 3613 827 3679 fluctus

237 3721 290 3782 Ire
304 3739 360 3801 per
374 3717 483 3797 longos
498 3713 570 3790 fuit,
587 3737 627 3778 an
642 3729 779 3778 recentes

325 3821 460 3901 Carpere
474 3815 586 3879 flores?

237 3923 271 3988 Si
287 3921 356 4008 quis
371 3919 517 3983 infamem
533 3919 609 3984 mihi
625 3944 708 3986 nunc
717 3923 886 4008 juvencum

236 4026 342 4090 Dedat
356 4024 455 4100 iratae,
471 4022 603 4090 lacerare
617 4025 697 4090 ferro
712 4041 743 4091 et

236 4132 393 4214 Frangere
407 4126 506 4190 enitar
520 4129 612 4192 modo
627 4131 759 4194 multum
776 4133 870 4197 amati

322 4231 446 4293 Cornua
461 4231 599 4295 monstri.
