2872 5010
292 482 335 544 52
607 506 637 550 u.
662 504 806 547 uousrrr
833 504 956 548 uincor

294 653 334 716 ln
349 671 478 716 rocuum
495 653 619 717 venias:
644 677 766 739 perraro
782 654 849 719 hrec
865 656 932 721 alea
946 656 1036 722 fallit.
1241 671 1297 730 50

190 818 193 822 ,
290 754 352 833 Qui
369 769 585 819 testamentum
602 759 702 822 tradet
717 759 773 822 tibi
788 781 921 844 cumque
937 760 1115 844 legendum,

290 857 451 935 Abnuere,
462 870 494 920 et
510 859 662 924 tabuisse
678 874 708 924 to
722 883 879 925 removere
894 876 1064 927 memento:

291 957 344 1023 sic
358 971 460 1021 tamen
472 972 508 1021 ut
523 959 605 1023 limis
619 962 721 1044 rapias
734 963 810 1047 quid
826 962 926 1046 prima
939 967 1075 1029 seeundo

291 1063 372 1124 Cera
386 1061 462 1124 velit
476 1082 586 1132 versu3
610 1062 705 1139 solus,
720 1063 867 1129 multisne
882 1065 1029 1143 cohaeres,

288 1163 393 1228 Veloci
409 1185 551 1249 percurre
565 1165 664 1230 oculo.
711 1165 898 1253 Plerumque
912 1184 1050 1235 recoctus

289 1265 396 1331 Scriba
410 1287 449 1330 ex
463 1266 666 1352 quinqueviro
680 1290 805 1332 corvum
822 1270 949 1335 deludet
963 1271 1111 1351 hiantem,

287 1367 498 1454 Captatorque
510 1367 596 1433 (labit
611 1369 691 1434 risus
706 1371 820 1435 Nasica
830 1374 961 1436 Corano.

288 1470 416 1540 llNum
432 1470 532 1533 suris?
548 1495 587 1536 an
603 1474 739 1557 pmrlens
753 1474 835 1538 ludis
850 1497 909 1553 me,
925 1477 1053 1543 obscura
1067 1482 1231 1545 canendo?

288 1572 317 1641 ll
334 1575 364 1635 0
381 1574 561 1650 Laertiade,
575 1575 722 1660 quicquid
737 1577 848 1652 dicero,
864 1579 1000 1656 noterit,
1013 1596 1068 1645 aut
1081 1604 1157 1646 non:

286 1674 437 1741 Divinare
452 1677 564 1741 etenim
581 1699 711 1762 magnus
726 1681 802 1742 milri
814 1682 907 1744 donat
923 1682 1044 1765 Apollo.
1231 1685 1277 1750 60

286 1778 315 1849 ἵ
330 1779 414 1858 Quid
430 1796 532 1845 tamen
548 1781 606 1844 ists
622 1783 696 1846 velit
712 1783 772 1846 sibi
787 1783 904 1859 fabula,
920 1785 945 1846 si
961 1785 1045 1861 licet,
1062 1787 1128 1850 ede.

285 1883 485 1968 ll'l'empore
499 1906 560 1969 quo
569 1885 694 1968 juvenis
711 1883 835 1947 Parthis
850 1883 1029 1960 horrendus,
1046 1887 1084 1950 ab
1094 1887 1157 1950 alto

241 2038 244 2045 .
285 1987 461 2051 Demissunr
477 2008 574 2068 genua
591 1983 704 2059 AEuea,
721 1986 831 2048 tellure
844 1987 982 2071 marique

284 2090 424 2173 Magnus
437 2089 510 2164 erit,
524 2088 597 2152 forti
611 2089 708 2151 nubet
723 2108 848 2171 procera
864 2089 986 2152 Corano

282 2191 363 2257 Filia
378 2191 512 2267 Nasicte,
524 2191 689 2256 metuentis
702 2190 828 2255 residere
839 2191 969 2256 eoldum.
1225 2193 1271 2260 65

283 2299 370 2363 Turn
382 2319 476 2384 gener
489 2297 548 2361 hoc
562 2296 676 2367 facien
701 2295 821 2360 tabulas
836 2317 941 2360 socero
955 2296 1052 2373 dabit,
1068 2311 1159 2381 atque

284 2402 331 2466 Ur
346 2400 429 2485 legat
442 2402 560 2465 orabit:
584 2400 716 2465 multum
733 2400 848 2465 Nasica
862 2414 988 2485 negatas

282 2505 427 2589 Accipiet
443 2506 578 2571 tandem.
594 2519 625 2568 et
641 2504 752 2568 tacitus
768 2504 870 2588 leget;
892 2504 1088 2590 invenietque

282 2605 337 2668 Nil
352 2605 410 2667 eibi
426 2604 573 2688 legatum.
589 2622 702 2688 przetcr
716 2607 847 2690 plorare,
863 2608 995 2692 suisque.

279 2707 364 2771 lllutl
379 2708 419 2771 ad
433 2707 501 2770 bne
509 2707 628 2790 jubeo:
653 2708 763 2770 mulier
777 2709 802 2770 si
818 2708 896 2771 forte
911 2708 1015 2771 dolosa
1221 2711 1267 2791 70

276 2808 461 2873 libertusve
476 2828 578 2869 senem
595 2806 725 2869 delirum
742 2821 900 2890 temperet,
914 2807 978 2869 illis

274 2911 412 2977 ‚emeras
426 2907 543 2971 socius:
568 2907 685 2986 londes,
700 2907 834 2970 lauderis
849 2922 884 2971 ur
901 2909 1028 2971 absens:

274 3016 416 3103 Arljurst
430 3011 488 3077 boc
502 3032 642 3096 quoque;
666 3010 721 3076 sed
736 3009 832 3073 vincit
846 3008 937 3090 longe
951 3007 1036 3090 prius
1051 3008 1150 3092 ipsum

274 3119 462 3205 Expugnare
476 3130 586 3199 caput:
611 3113 723 3179 scribet
738 3112 818 3176 mala
832 3109 967 3176 carmina
979 3116 1109 3175 vecors?

274 3220 416 3286 Laudato
428 3246 435 3282 ε
459 3232 606 3283 scortator
620 3217 701 3281 erit?
716 3238 791 3281 cave
805 3228 836 3280 te
851 3227 958 3298 roget:
982 3213 1063 3277 ultm
1214 3217 1257 3297 75

270 3321 446 3405 Penelopen
461 3318 680 3402 foeilispotiori
693 3319 788 3382 trade.
833 3318 860 3388 ll
882 3317 1028 3395 Putasne,

269 3423 401 3491 Penluei
417 3420 527 3507 qmrorir
543 3435 603 3489 tam
620 3419 701 3503 frugi
719 3433 843 3504 tamque
858 3420 981 3502 pudica,

267 3530 367 3608 Quam
383 3522 526 3610 nequiere
539 3521 623 3606 proci
638 3535 721 3588 recto
734 3521 887 3605 depellere
901 3524 1015 3585 eursu?

266 3633 294 3699 'l
311 3628 401 3695 l’enit
417 3627 497 3692 euim
513 3648 657 3710 magnum
674 3624 809 3690 donandi
824 3645 917 3707 parce
927 3624 1088 3705 juventus,

264 3732 332 3797 Nee
343 3742 462 3794 tantum
476 3729 603 3791 Veneris
621 3743 769 3814 quantum
786 3727 923 3792 studiosa
938 3724 1068 3795 culinae;
1209 3734 1253 3794 80

261 3832 314 3901 Sic
328 3830 381 3895 tibi
401 3830 554 3911 Penelope
570 3829 651 3913 frugi
668 3847 733 3894 est:
759 3830 867 3913 quiesi
884 3827 976 3892 semel
994 3849 1055 3889 uno

261 3932 311 3997 lle
326 3952 397 3995 seue
411 3929 544 4014 gusteirit
559 3947 659 3993 tecum
676 3931 789 4013 partito
804 3931 961 4004 lucellum,

260 4035 307 4100 Ut
321 4031 414 4105 conis,
430 4055 448 4096 o
462 4031 544 4096 corio
559 4052 715 4116 nunquam
733 4031 952 4095 absterrebitur
967 4043 1072 4094 uncto.

256 4138 314 4203 Mo
327 4134 500 4219 sene,quorl
515 4134 626 4207 (litam,
642 4133 756 4197 iberum
773 4148 839 4212 est3
863 4156 939 4200 anus
955 4135 1094 4219 improba
1111 4135 1231 4200 Thebis

256 4242 306 4305 Ex
323 4251 503 4304 testamento
519 4237 562 4310 sic
576 4251 621 4299 est
637 4235 737 4304 elatem
764 4236 892 4299 cadaver
1202 4243 1243 4304 85
