2872 5010
459 506 648 551 cunurnou
672 504 740 548 ms.
763 504 808 548 rs.
834 484 885 547 ls

201 663 290 742 (Non
305 663 387 730 enim
402 661 532 747 posthoc
547 660 609 726 alie
623 661 729 725 calebo

200 767 368 846 Foemins,)
383 765 527 831 condisce
542 763 649 828 modos
663 763 795 828 amende

201 872 285 936 Voce
299 892 376 958 quos
389 868 520 933 reddes:
545 865 729 930 minuuntur
743 879 819 931 stroe

285 972 431 1039 Carmine
446 991 538 1036 curae.

467 1180 821 1201 m

451 1318 547 1383 ODE
571 1318 657 1383 XII.
704 1316 863 1402 (mvn)

521 1506 569 1549 AD
593 1505 792 1550 vuscluum·

199 1679 223 1742 J
226 1699 277 1742 nm
294 1675 374 1739 veris
388 1671 527 1750 comites,
542 1692 612 1755 quae
627 1691 710 1736 mere
726 1684 909 1756 temperant.

201 1777 375 1863 Impellunt
389 1773 501 1839 enlmae
516 1772 613 1837 linteo
628 1773 795 1839 Threciae:

201 1881 224 1944 J
226 1901 275 1945 em
290 1898 348 1942 nec
361 1887 450 1963 prata
463 1874 578 1959 rigent,
594 1896 651 1940 nec
666 1874 755 1941 fluvii
771 1888 912 1963 strepunt

287 1978 431 2044 Hiberna
444 1976 517 2041 nive
531 1977 657 2062 turgidi

201 2081 322 2146 Nidum
335 2080 435 2166 ponit,
453 2081 530 2165 Ityn
545 2078 689 2146 flebiliter
703 2104 842 2168 gemens,

201 2183 317 2248 Infelix
330 2183 408 2261 uvis,
420 2194 452 2246 et
466 2182 626 2265 Cecropiae
640 2183 751 2247 domus

200 2288 363 2352 AEtcmum
378 2283 588 2370 opprobrium,
603 2284 687 2367 quod
700 2284 781 2348 male
795 2284 941 2351 burburus

286 2389 412 2471 Regum
427 2399 474 2450 est
488 2385 556 2451 ulto
569 2385 725 2450 libidines.

200 2491 321 2555 Dicunt
335 2489 369 2552 in
383 2500 488 2552 tenero
503 2487 642 2571 gramine
656 2486 820 2572 pinguium

201 2587 355 2654 Custodes
369 2586 474 2650 ovium
489 2583 625 2649 carmina
639 2584 755 2662 fistule,

199 2689 367 2754 Delectant
381 2709 441 2773 quc
455 2687 573 2764 Deum,
588 2685 639 2750 cui
653 2708 749 2770 pecus
763 2699 795 2752 et
809 2686 891 2772 nigri

288 2788 393 2854 Colles
408 2787 556 2852 Arcadiae
567 2788 701 2872 placent.

200 2893 372 2957 Adduxere
387 2891 470 2955 sitim
486 2905 635 2975 tempore,
651 2890 782 2975 Virgili:

202 2995 264 3059 Sed
277 3015 416 3080 pressum
432 2993 561 3058 Calibus
576 2993 690 3057 ducere
705 2994 856 3059 Liberum

202 3097 236 3162 Si
250 3096 356 3182 gestis,
367 3097 519 3181 juvenum
534 3094 684 3159 nobilium
700 3094 807 3174 eliens,

285 3198 393 3262 Nerdo
408 3196 481 3259 vine
495 3195 670 3260 mereberis.

200 3299 300 3364 Nurdi
314 3319 427 3382 pervus
442 3319 525 3382 onyx
539 3296 641 3363 eliciet
656 3301 778 3382 eodum,

199 3400 262 3480 Qui
276 3421 361 3464 nunc
377 3397 523 3484 Sulpiciis
538 3400 668 3466 occubat
686 3400 815 3480 horreis,

201 3507 279 3588 Spes
293 3504 407 3568 donere
422 3523 519 3567 noves
532 3501 649 3586 largus,
665 3525 829 3586 amorsque

285 3608 437 3669 Cunerum
453 3603 555 3667 eluere
569 3600 678 3664 efficax
691 3625 701 3673 ;

199 3707 255 3771 Ad
269 3729 339 3792 quae
354 3707 380 3770 si
396 3723 543 3791 properes
557 3700 684 3783 gaudie,
699 3719 770 3762 cum
787 3710 841 3763 tue

199 3809 299 3873 Velox
313 3829 413 3872 meree
429 3803 519 3869 veni:
544 3824 607 3867 non
623 3824 681 3886 ego
696 3814 727 3866 te
743 3802 819 3867 meis

200 3915 377 3977 Immunem
392 3907 525 3974 meditor
540 3907 682 3991 tinguere
696 3906 828 3992 poculis,

284 4014 383 4078 Plena
398 4012 485 4077 dives
500 4023 536 4075 ut
550 4010 583 4074 iu
601 4010 702 4075 domo.

198 4119 312 4182 Verum
330 4137 410 4200 pone
425 4136 535 4192 mores,
550 4127 582 4180 et
597 4113 735 4178 studium
750 4112 849 4188 lucri3

199 4216 429 4302 Nigrorumque
445 4236 572 4291 memor,
587 4213 663 4278 dum
674 4213 759 4290 licet,
774 4209 906 4294 ignium,
