2872 5010
468 497 709 541 sersaonsauu
734 498 801 540 nra.
826 500 849 542 1.
873 480 924 549 19.
1133 479 1196 561 197

200 646 350 712 Prosiluit
365 646 504 711 dicenda.
551 651 574 682 “
589 648 703 711 Forum
719 649 886 734 putealque
898 648 1031 714 Libonis

199 751 222 781 “
238 748 400 813 Mandabo
415 748 515 826 siccis,
530 748 664 813 adimam
680 761 803 815 cantare
817 750 962 815 severis?

197 851 272 915 Hoc
285 850 377 915 simul
392 849 487 929 edixi,
501 873 563 915 non
579 873 735 916 cessavere
750 861 852 937 po'e'tae
1155 855 1198 916 10

198 954 359 1017 Nocturna
374 965 491 1018 certare
506 975 601 1030 mero,
617 968 726 1039 putere
740 955 865 1020 diurno.

198 1054 308 1134 Quid?
332 1054 427 1139 siquis
442 1055 532 1119 vultu
547 1069 635 1119 torvo
648 1056 743 1134 ferus,
760 1069 792 1121 et
806 1058 885 1142 pede
899 1057 996 1135 nudo,

197 1156 393 1242 Exiguoeque
405 1169 487 1242 togae
502 1157 627 1222 simulet
642 1171 760 1223 textore
776 1161 939 1236 Catonem,

198 1258 392 1322 virtutemne
407 1272 605 1342 repraesentet
619 1281 780 1346 moresque
796 1262 953 1327 Catonis?

198 1359 301 1444 Rupit
316 1359 466 1424 Iarbitam
483 1359 667 1443 Timagenis
681 1361 795 1425 aemula
805 1362 925 1447 lingua,
1076 1408 1078 1414 s
1155 1362 1197 1424 15

197 1461 284 1524 Dum
300 1461 405 1524 studet
419 1462 565 1536 urbanus,
582 1460 742 1545 tenditque
757 1461 891 1526 disertus
905 1463 1023 1529 baberi.

197 1561 326 1644 Decipit
341 1562 497 1646 exemplar
512 1560 597 1624 vitiis
613 1560 781 1625 imitabile:
804 1564 887 1647 quod
903 1564 929 1628 si

196 1663 349 1727 Pallerem
366 1685 450 1741 casu,
466 1662 606 1728 biberent
621 1684 776 1748 exsangue
791 1665 960 1729 cuminum.

198 1766 228 1830 Ο
243 1765 423 1842 imitatores,
439 1787 560 1829 servum
576 1787 683 1850 pecus,
699 1779 735 1829 ut
749 1765 827 1829 mihi
841 1767 947 1844 bilem,

198 1870 247 1933 Ut
261 1867 339 1931 mihi
353 1889 436 1951 saepe
445 1867 552 1954 jocum
568 1867 663 1931 vestri
679 1889 802 1932 movere
817 1869 989 1933 tumultus!
1153 1871 1197 1933 20

198 1969 316 2033 Libera
329 1990 386 2053 per
400 1989 531 2033 vacuum
547 1969 638 2053 posui
653 1969 784 2054 vestigia
798 1970 961 2057 princeps3

197 2073 271 2136 Non
285 2071 385 2136 aliena
402 2092 471 2135 meo
485 2071 582 2157 pressi
597 2072 693 2158 pede:
716 2074 771 2157 qui
786 2073 846 2137 sibi
860 2073 941 2152 fidit,

196 2175 273 2238 Dux
287 2174 368 2259 regit
383 2196 522 2238 examen.
568 2175 680 2239 Parios
695 2197 754 2259 ego
768 2175 886 2260 primus
900 2177 1018 2241 iambos

197 2278 331 2343 Ostendi
346 2277 452 2353 Latio,
467 2296 612 2339 numeros
626 2276 806 2360 animosque
821 2289 945 2341 secutus

198 2379 396 2458 Archilochi,
411 2400 474 2442 nou
488 2400 537 2442 res
551 2390 583 2442 et
598 2376 722 2461 agentia
736 2377 829 2442 verba
844 2377 1036 2462 Lycamben.
1152 2377 1195 2440 25

197 2485 260 2560 Ac,
275 2504 316 2547 ne
330 2503 380 2545 me
393 2480 476 2545 foliis
490 2481 561 2544 ideo
575 2479 767 2543 brevioribus
781 2500 885 2558 ornes,

198 2585 292 2663 Quod
306 2583 397 2648 timui
411 2594 532 2647 mutare
546 2581 653 2646 modos
667 2593 699 2645 et
713 2580 858 2646 carminis
870 2593 979 2660 amem,

200 2687 371 2768 Temperat
385 2682 568 2747 Archilochi
582 2703 701 2746 musam
716 2682 795 2768 pede
810 2683 947 2750 mascula
963 2682 1101 2769 Sappho,

198 2786 369 2869 Temperat
383 2784 514 2848 Alcaeus
526 2808 537 2858 3
560 2783 615 2848 sed
629 2784 721 2848 rebus
736 2796 767 2848 et
781 2784 890 2850 ordine
904 2785 1021 2872 dispar,

195 2887 265 2951 Nec
280 2907 417 2950 socerum
434 2885 546 2971 quaerit
560 2907 651 2971 quem
667 2886 806 2951 versibus
820 2887 939 2953 oblinat
953 2887 1040 2967 atris,
1147 2889 1192 2950 30

196 2989 264 3051 Nec
279 3009 400 3073 sponsae
415 2987 557 3072 laqueum
572 2987 689 3052 famoso
704 2989 839 3053 carmine
853 2988 961 3054 nectit.

197 3088 295 3153 Hunc
310 3111 379 3174 ego,
394 3112 457 3154 non
472 3089 534 3154 alio
549 3088 667 3154 dictum
682 3090 768 3175 prius
783 3111 846 3166 ore,
862 3088 999 3153 Latinus

196 3189 333 3275 Vulgari
347 3189 479 3254 fidicen:
498 3191 592 3275 juvat
605 3191 818 3255 immemorata
832 3188 983 3254 ferentem

199 3291 351 3375 ingenuis
366 3291 524 3377 oculisque
538 3292 600 3376 legi
616 3292 818 3377 manibusque
833 3291 940 3356 teneri.

198 3392 285 3457 Scire
299 3392 376 3456 velis
390 3414 458 3458 mea
473 3415 529 3457 cur
542 3393 682 3479 ingratus
696 3393 845 3480 opuscula
859 3392 955 3459 lector
1148 3397 1192 3460 35

197 3496 324 3560 Laudet
337 3509 480 3580 ametque
495 3495 591 3573 domi,
606 3509 726 3580 premat
740 3510 830 3559 extra
843 3496 939 3559 limen
955 3495 1105 3581 iniquus?

196 3598 229 3661 N
231 3619 272 3684 on
286 3619 345 3682 ego
359 3611 496 3663 ventosae
510 3596 609 3681 plebis
624 3595 770 3678 suffragia
784 3617 879 3660 venor

198 3690 354 3783 Impensis
369 3720 527 3764 coenarum
543 3710 575 3761 et
590 3697 671 3760 tritae
686 3718 813 3761 munere
827 3697 944 3776 vestis3

197 3801 271 3865 Non
285 3822 343 3886 ego
358 3801 507 3866 nobilium
523 3798 707 3882 scriptorum
723 3797 846 3863 auditor
860 3810 892 3863 et
902 3800 997 3881 ultor,

197 3904 424 3969 Grammaticos
439 3902 558 3968 ambire
572 3900 670 3966 tribus
685 3913 716 3966 et
731 3900 854 3987 pulpita
868 3901 1001 3988 dignor:
1149 3905 1192 3967 40

196 4007 286 4071 Hinc
299 4005 363 4071 illae
377 4007 534 4090 lacrymae.
581 4003 694 4089 Spissis
709 4003 839 4089 indigna
854 4003 983 4068 theatris

198 4107 320 4192 Scripta
335 4109 434 4193 pudet
448 4109 587 4186 recitare,
603 4118 635 4170 et
649 4106 743 4190 nugis
758 4107 871 4172 addere
884 4104 1018 4188 pondus,
