<?xml version="1.0" encoding="UTF-8"?>
<!DOCTYPE html PUBLIC "-//W3C//DTD XHTML 1.0 Transitional//EN"
    "http://www.w3.org/TR/xhtml1/DTD/xhtml1-transitional.dtd">
<html xmlns="http://www.w3.org/1999/xhtml" xml:lang="en" lang="en">
 <head>
  <title>
</title>
<meta http-equiv="Content-Type" content="text/html;charset=utf-8" />
  <meta name='ocr-system' content='tesseract 3.04.00' />
  <meta name='ocr-capabilities' content='ocr_page ocr_carea ocr_par ocr_line ocrx_word'/>
</head>
<body>
  <div class='ocr_page' id='page_1' title='image "./horatiusrestitu00tategoog_0395.png"; bbox 0 0 2872 5010; ppageno 0'>
   <div class='ocr_carea' id='block_1_1' title="bbox 190 433 860 500">
    <p class='ocr_par' dir='ltr' id='par_1_1' title="bbox 190 433 860 500">
     <span class='ocr_line' id='line_1_1' title="bbox 190 433 860 500; baseline 0.001 -4"><span class='ocrx_word' id='word_1_1' title='bbox 190 433 255 496; x_wconf 80' lang='lat'>160</span> <span class='ocrx_word' id='word_1_2' title='bbox 491 440 540 500; x_wconf 71' lang='lat' dir='ltr'>&#39;tu</span> <span class='ocrx_word' id='word_1_3' title='bbox 565 453 711 497; x_wconf 73' lang='lat' dir='ltr'>notarri</span> <span class='ocrx_word' id='word_1_4' title='bbox 737 454 860 497; x_wconf 75' lang='lat' dir='ltr'>unaccr</span> 
     </span>
    </p>
   </div>
   <div class='ocr_carea' id='block_1_2' title="bbox 171 607 1001 2689">
    <p class='ocr_par' dir='ltr' id='par_1_2' title="bbox 234 607 610 673">
     <span class='ocr_line' id='line_1_2' title="bbox 234 607 610 673; baseline 0.003 -3"><span class='ocrx_word' id='word_1_5' title='bbox 234 607 305 670; x_wconf 90' lang='lat' dir='ltr'>lllic</span> <span class='ocrx_word' id='word_1_6' title='bbox 321 620 418 673; x_wconf 89' lang='lat' dir='ltr'>matre</span> <span class='ocrx_word' id='word_1_7' title='bbox 433 608 610 672; x_wconf 75' lang='lat' dir='ltr'><strong>carentibus</strong></span> 
     </span>
    </p>

    <p class='ocr_par' dir='ltr' id='par_1_3' title="bbox 233 706 902 895">
     <span class='ocr_line' id='line_1_3' title="bbox 276 706 902 792; baseline 0 -22"><span class='ocrx_word' id='word_1_8' title='bbox 276 706 434 792; x_wconf 77' lang='lat' dir='ltr'>Privignia</span> <span class='ocrx_word' id='word_1_9' title='bbox 449 708 559 773; x_wconf 88' lang='lat' dir='ltr'>mulier</span> <span class='ocrx_word' id='word_1_10' title='bbox 575 722 724 792; x_wconf 80' lang='lat' dir='ltr'><strong>temperat</strong></span> <span class='ocrx_word' id='word_1_11' title='bbox 739 710 902 773; x_wconf 75' lang='lat' dir='ltr'>innocens:</span> 
     </span>
     <span class='ocr_line' id='line_1_4' title="bbox 233 809 629 895; baseline 0.003 -24"><span class='ocrx_word' id='word_1_12' title='bbox 233 809 299 873; x_wconf 88' lang='lat' dir='ltr'>Nec</span> <span class='ocrx_word' id='word_1_13' title='bbox 314 810 420 874; x_wconf 85' lang='lat' dir='ltr'>dotata</span> <span class='ocrx_word' id='word_1_14' title='bbox 436 810 514 895; x_wconf 82' lang='lat' dir='ltr'>regit</span> <span class='ocrx_word' id='word_1_15' title='bbox 530 810 629 874; x_wconf 84' lang='lat' dir='ltr'>vitum</span> 
     </span>
    </p>

    <p class='ocr_par' dir='ltr' id='par_1_4' title="bbox 230 911 849 1096">
     <span class='ocr_line' id='line_1_5' title="bbox 274 911 849 995; baseline 0.009 -22"><span class='ocrx_word' id='word_1_16' title='bbox 274 911 414 995; x_wconf 85' lang='lat' dir='ltr'>Conjux,</span> <span class='ocrx_word' id='word_1_17' title='bbox 430 933 486 975; x_wconf 89' lang='lat' dir='ltr'>nee</span> <span class='ocrx_word' id='word_1_18' title='bbox 501 911 600 976; x_wconf 89' lang='lat' dir='ltr'>nitido</span> <span class='ocrx_word' id='word_1_19' title='bbox 615 912 684 977; x_wconf 90' lang='lat' dir='ltr'>lidit</span> <span class='ocrx_word' id='word_1_20' title='bbox 699 912 849 978; x_wconf 85' lang='lat' dir='ltr'>adultero.</span> 
     </span>
     <span class='ocr_line' id='line_1_6' title="bbox 230 1010 669 1096; baseline 0.011 -25"><span class='ocrx_word' id='word_1_21' title='bbox 230 1010 298 1073; x_wconf 84' lang='lat' dir='ltr'>Dos</span> <span class='ocrx_word' id='word_1_22' title='bbox 309 1026 356 1075; x_wconf 83' lang='lat' dir='ltr'>eat</span> <span class='ocrx_word' id='word_1_23' title='bbox 371 1032 482 1096; x_wconf 82' lang='lat' dir='ltr'>magna</span> <span class='ocrx_word' id='word_1_24' title='bbox 496 1012 669 1095; x_wconf 89' lang='lat' dir='ltr'>parentium</span> 
     </span>
    </p>

    <p class='ocr_par' dir='ltr' id='par_1_5' title="bbox 229 1110 812 1287">
     <span class='ocr_line' id='line_1_7' title="bbox 274 1110 812 1188; baseline 0.007 -16"><span class='ocrx_word' id='word_1_25' title='bbox 274 1110 394 1188; x_wconf 83' lang='lat' dir='ltr'>Virtus,</span> <span class='ocrx_word' id='word_1_26' title='bbox 410 1125 442 1174; x_wconf 92' lang='lat' dir='ltr'>et</span> <span class='ocrx_word' id='word_1_27' title='bbox 455 1124 596 1175; x_wconf 87' lang='lat' dir='ltr'>metuens</span> <span class='ocrx_word' id='word_1_28' title='bbox 612 1112 740 1175; x_wconf 84' lang='lat' dir='ltr'>alteriue</span> <span class='ocrx_word' id='word_1_29' title='bbox 754 1113 812 1176; x_wconf 87' lang='lat' dir='ltr'>viri</span> 
     </span>
     <span class='ocr_line' id='line_1_8' title="bbox 229 1211 604 1287; baseline 0.005 -13"><span class='ocrx_word' id='word_1_30' title='bbox 229 1213 324 1274; x_wconf 87' lang='lat' dir='ltr'>Certo</span> <span class='ocrx_word' id='word_1_31' title='bbox 338 1211 454 1275; x_wconf 88' lang='lat' dir='ltr'>foedere</span> <span class='ocrx_word' id='word_1_32' title='bbox 469 1211 604 1287; x_wconf 81' lang='lat' dir='ltr'>castitas,</span> 
     </span>
    </p>

    <p class='ocr_par' dir='ltr' id='par_1_6' title="bbox 227 1313 911 1501">
     <span class='ocr_line' id='line_1_9' title="bbox 274 1313 911 1398; baseline 0.002 -21"><span class='ocrx_word' id='word_1_33' title='bbox 274 1314 318 1377; x_wconf 90' lang='lat' dir='ltr'>Et</span> <span class='ocrx_word' id='word_1_34' title='bbox 333 1335 460 1396; x_wconf 90' lang='lat' dir='ltr'>peccare</span> <span class='ocrx_word' id='word_1_35' title='bbox 474 1313 572 1390; x_wconf 78' lang='lat' dir='ltr'>nesae,</span> <span class='ocrx_word' id='word_1_36' title='bbox 588 1327 642 1377; x_wconf 88' lang='lat' dir='ltr'>aut</span> <span class='ocrx_word' id='word_1_37' title='bbox 656 1314 788 1398; x_wconf 90' lang='lat' dir='ltr'>pretium</span> <span class='ocrx_word' id='word_1_38' title='bbox 804 1316 911 1379; x_wconf 87' lang='lat' dir='ltr'>emori.</span> 
     </span>
     <span class='ocr_line' id='line_1_10' title="bbox 227 1412 635 1501; baseline 0.005 -25"><span class='ocrx_word' id='word_1_39' title='bbox 227 1415 256 1476; x_wconf 91' lang='grc' dir='ltr'>Ο</span> <span class='ocrx_word' id='word_1_40' title='bbox 272 1412 413 1498; x_wconf 84' lang='lat' dir='ltr'>quisquis</span> <span class='ocrx_word' id='word_1_41' title='bbox 428 1415 509 1480; x_wconf 85' lang='lat' dir='ltr'>volet</span> <span class='ocrx_word' id='word_1_42' title='bbox 525 1415 635 1501; x_wconf 88' lang='lat' dir='ltr'>impias</span> 
     </span>
    </p>

    <p class='ocr_par' dir='ltr' id='par_1_7' title="bbox 227 1517 850 1702">
     <span class='ocr_line' id='line_1_11' title="bbox 269 1517 850 1592; baseline 0.003 -12"><span class='ocrx_word' id='word_1_43' title='bbox 269 1517 383 1581; x_wconf 78' lang='lat' dir='ltr'>Caedes</span> <span class='ocrx_word' id='word_1_44' title='bbox 398 1532 429 1581; x_wconf 91' lang='lat' dir='ltr'>et</span> <span class='ocrx_word' id='word_1_45' title='bbox 444 1518 559 1582; x_wconf 87' lang='lat' dir='ltr'>rabiem</span> <span class='ocrx_word' id='word_1_46' title='bbox 577 1519 683 1583; x_wconf 86' lang='lat' dir='ltr'>tollere</span> <span class='ocrx_word' id='word_1_47' title='bbox 699 1518 828 1583; x_wconf 87' lang='lat' dir='ltr'>civicam</span> <span class='ocrx_word' id='word_1_48' title='bbox 841 1540 850 1592; x_wconf 77' lang='lat'>3</span> 
     </span>
     <span class='ocr_line' id='line_1_12' title="bbox 227 1617 640 1702; baseline 0.005 -22"><span class='ocrx_word' id='word_1_49' title='bbox 227 1617 260 1680; x_wconf 91' lang='lat' dir='ltr'>Si</span> <span class='ocrx_word' id='word_1_50' title='bbox 276 1633 394 1702; x_wconf 83' lang='lat' dir='ltr'>quaeret</span> <span class='ocrx_word' id='word_1_51' title='bbox 410 1621 505 1682; x_wconf 87' lang='lat' dir='ltr'>Pater</span> <span class='ocrx_word' id='word_1_52' title='bbox 518 1618 640 1682; x_wconf 90' lang='lat' dir='ltr'>urbium</span> 
     </span>
    </p>

    <p class='ocr_par' dir='ltr' id='par_1_8' title="bbox 227 1718 888 1896">
     <span class='ocr_line' id='line_1_13' title="bbox 269 1718 888 1796; baseline 0 -14"><span class='ocrx_word' id='word_1_53' title='bbox 269 1718 426 1783; x_wconf 82' lang='lat' dir='ltr'>Subscribi</span> <span class='ocrx_word' id='word_1_54' title='bbox 442 1720 563 1796; x_wconf 87' lang='lat' dir='ltr'>statuis,</span> <span class='ocrx_word' id='word_1_55' title='bbox 580 1719 760 1784; x_wconf 77' lang='lat' dir='ltr'>indomitam</span> <span class='ocrx_word' id='word_1_56' title='bbox 777 1720 888 1783; x_wconf 90' lang='lat' dir='ltr'>audeat</span> 
     </span>
     <span class='ocr_line' id='line_1_14' title="bbox 227 1817 590 1896; baseline 0 -15"><span class='ocrx_word' id='word_1_57' title='bbox 227 1817 406 1882; x_wconf 82' lang='lat' dir='ltr'>Refraenare</span> <span class='ocrx_word' id='word_1_58' title='bbox 421 1818 590 1896; x_wconf 79' lang='lat' dir='ltr'>licentiam,</span> 
     </span>
    </p>

    <p class='ocr_par' dir='ltr' id='par_1_9' title="bbox 224 1918 1001 2094">
     <span class='ocr_line' id='line_1_15' title="bbox 267 1918 1001 2002; baseline 0 -20"><span class='ocrx_word' id='word_1_59' title='bbox 267 1918 379 1982; x_wconf 78' lang='lat' dir='ltr'>Clarus</span> <span class='ocrx_word' id='word_1_60' title='bbox 395 1920 597 2002; x_wconf 82' lang='lat' dir='ltr'>postgenitis:</span> <span class='ocrx_word' id='word_1_61' title='bbox 621 1933 774 2002; x_wconf 84' lang='lat' dir='ltr'>quatenus</span> <span class='ocrx_word' id='word_1_62' title='bbox 791 1921 866 2001; x_wconf 84' lang='lat' dir='ltr'>(lrcu</span> <span class='ocrx_word' id='word_1_63' title='bbox 880 1921 965 1983; x_wconf 85' lang='lat' dir='ltr'>nefas</span> <span class='ocrx_word' id='word_1_64' title='bbox 977 1925 1001 1999; x_wconf 71' lang='grc' dir='ltr'>Ξ)</span> 
     </span>
     <span class='ocr_line' id='line_1_16' title="bbox 224 2017 727 2094; baseline 0.002 -15"><span class='ocrx_word' id='word_1_65' title='bbox 224 2018 379 2081; x_wconf 83' lang='lat' dir='ltr'>Virtutem</span> <span class='ocrx_word' id='word_1_66' title='bbox 395 2017 578 2080; x_wconf 88' lang='lat' dir='ltr'>incolumem</span> <span class='ocrx_word' id='word_1_67' title='bbox 595 2019 727 2094; x_wconf 88' lang='lat' dir='ltr'>odimus,</span> 
     </span>
    </p>

    <p class='ocr_par' dir='ltr' id='par_1_10' title="bbox 224 2117 902 2305">
     <span class='ocr_line' id='line_1_17' title="bbox 271 2117 902 2203; baseline 0.002 -23"><span class='ocrx_word' id='word_1_68' title='bbox 271 2117 431 2183; x_wconf 80' lang='lat' dir='ltr'>Sublatam</span> <span class='ocrx_word' id='word_1_69' title='bbox 448 2142 486 2182; x_wconf 87' lang='lat' dir='ltr'>ex</span> <span class='ocrx_word' id='word_1_70' title='bbox 501 2118 597 2182; x_wconf 81' lang='lat' dir='ltr'>oculis</span> <span class='ocrx_word' id='word_1_71' title='bbox 611 2119 778 2203; x_wconf 72' lang='lat' dir='ltr'>quaerimus</span> <span class='ocrx_word' id='word_1_72' title='bbox 793 2118 902 2181; x_wconf 84' lang='lat' dir='ltr'>invidi.</span> 
     </span>
     <span class='ocr_line' id='line_1_18' title="bbox 224 2219 651 2305; baseline 0.005 -21"><span class='ocrx_word' id='word_1_73' title='bbox 224 2219 308 2299; x_wconf 80' lang='lat' dir='ltr'>Quid</span> <span class='ocrx_word' id='word_1_74' title='bbox 324 2219 426 2283; x_wconf 81' lang='lat' dir='ltr'>tristes</span> <span class='ocrx_word' id='word_1_75' title='bbox 441 2221 651 2305; x_wconf 73' lang='lat' dir='ltr'>querimonia,</span> 
     </span>
    </p>

    <p class='ocr_par' dir='ltr' id='par_1_11' title="bbox 224 2320 860 2507">
     <span class='ocr_line' id='line_1_19' title="bbox 268 2320 860 2408; baseline -0.003 -23"><span class='ocrx_word' id='word_1_76' title='bbox 268 2323 301 2385; x_wconf 90' lang='lat' dir='ltr'>Si</span> <span class='ocrx_word' id='word_1_77' title='bbox 317 2344 378 2386; x_wconf 89' lang='lat' dir='ltr'>non</span> <span class='ocrx_word' id='word_1_78' title='bbox 396 2323 548 2408; x_wconf 87' lang='lat' dir='ltr'>supplicio</span> <span class='ocrx_word' id='word_1_79' title='bbox 563 2323 653 2405; x_wconf 88' lang='lat' dir='ltr'>culpa</span> <span class='ocrx_word' id='word_1_80' title='bbox 670 2320 837 2385; x_wconf 79' lang='lat' dir='ltr'>reciditur?</span> <span class='ocrx_word' id='word_1_81' title='bbox 853 2351 860 2357; x_wconf 93' lang='lat'>·</span> 
     </span>
     <span class='ocr_line' id='line_1_20' title="bbox 224 2423 668 2507; baseline 0 -23"><span class='ocrx_word' id='word_1_82' title='bbox 224 2423 308 2498; x_wconf 78' lang='lat' dir='ltr'>Quid</span> <span class='ocrx_word' id='word_1_83' title='bbox 324 2424 408 2507; x_wconf 81' lang='lat' dir='ltr'>leget</span> <span class='ocrx_word' id='word_1_84' title='bbox 424 2426 490 2488; x_wconf 83' lang='lat' dir='ltr'>aine</span> <span class='ocrx_word' id='word_1_85' title='bbox 505 2425 638 2488; x_wconf 90' lang='lat' dir='ltr'>moribus</span> <span class='ocrx_word' id='word_1_86' title='bbox 667 2496 668 2499; x_wconf 7' lang='grc' dir='ltr'><strong>Ἴ</strong></span> 
     </span>
    </p>

    <p class='ocr_par' dir='ltr' id='par_1_12' title="bbox 171 2521 872 2608">
     <span class='ocr_line' id='line_1_21' title="bbox 171 2521 872 2608; baseline -0.003 -24"><span class='ocrx_word' id='word_1_87' title='bbox 171 2525 174 2529; x_wconf 81' lang='grc'><strong><em>’</em></strong></span> <span class='ocrx_word' id='word_1_88' title='bbox 271 2524 366 2586; x_wconf 74' lang='lat' dir='ltr'>Vanae</span> <span class='ocrx_word' id='word_1_89' title='bbox 381 2525 568 2608; x_wconf 82' lang='lat' dir='ltr'>proliciunt?</span> <span class='ocrx_word' id='word_1_90' title='bbox 591 2526 617 2587; x_wconf 88' lang='lat' dir='ltr'>si</span> <span class='ocrx_word' id='word_1_91' title='bbox 632 2545 731 2608; x_wconf 83' lang='lat' dir='ltr'>neque</span> <span class='ocrx_word' id='word_1_92' title='bbox 745 2521 872 2585; x_wconf 84' lang='lat' dir='ltr'>fervidis</span> 
     </span>
    </p>

    <p class='ocr_par' dir='ltr' id='par_1_13' title="bbox 223 2621 601 2689">
     <span class='ocr_line' id='line_1_22' title="bbox 223 2621 601 2689; baseline 0.019 -7"><span class='ocrx_word' id='word_1_93' title='bbox 223 2621 300 2684; x_wconf 85' lang='lat' dir='ltr'>Para</span> <span class='ocrx_word' id='word_1_94' title='bbox 315 2623 434 2687; x_wconf 83' lang='lat' dir='ltr'>inclusa</span> <span class='ocrx_word' id='word_1_95' title='bbox 449 2627 601 2689; x_wconf 89' lang='lat' dir='ltr'>caloribus</span> 
     </span>
    </p>
   </div>
   <div class='ocr_carea' id='block_1_3' title="bbox 224 2722 884 2902">
    <p class='ocr_par' dir='ltr' id='par_1_14' title="bbox 224 2722 884 2902">
     <span class='ocr_line' id='line_1_23' title="bbox 267 2722 884 2799; baseline 0.003 -17"><span class='ocrx_word' id='word_1_96' title='bbox 267 2722 395 2799; x_wconf 87' lang='lat' dir='ltr'>Mundi,</span> <span class='ocrx_word' id='word_1_97' title='bbox 412 2746 468 2787; x_wconf 90' lang='lat' dir='ltr'>nec</span> <span class='ocrx_word' id='word_1_98' title='bbox 486 2724 593 2791; x_wconf 83' lang='lat' dir='ltr'>Boreae</span> <span class='ocrx_word' id='word_1_99' title='bbox 610 2726 774 2788; x_wconf 77' lang='lat' dir='ltr'>{initimum</span> <span class='ocrx_word' id='word_1_100' title='bbox 792 2724 884 2799; x_wconf 85' lang='lat' dir='ltr'>latua,</span> 
     </span>
     <span class='ocr_line' id='line_1_24' title="bbox 224 2817 594 2902; baseline 0.003 -24"><span class='ocrx_word' id='word_1_101' title='bbox 224 2817 415 2902; x_wconf 83' lang='lat' dir='ltr'>Duratoeque</span> <span class='ocrx_word' id='word_1_102' title='bbox 430 2821 493 2880; x_wconf 88' lang='lat' dir='ltr'>solo</span> <span class='ocrx_word' id='word_1_103' title='bbox 508 2819 594 2881; x_wconf 84' lang='lat' dir='ltr'>nives</span> 
     </span>
    </p>
   </div>
   <div class='ocr_carea' id='block_1_4' title="bbox 183 2917 913 4112">
    <p class='ocr_par' dir='ltr' id='par_1_15' title="bbox 225 2917 905 3103">
     <span class='ocr_line' id='line_1_25' title="bbox 267 2917 905 3000; baseline 0.013 -21"><span class='ocrx_word' id='word_1_104' title='bbox 267 2917 471 2980; x_wconf 81' lang='lat' dir='ltr'>Mercatorem</span> <span class='ocrx_word' id='word_1_105' title='bbox 488 2920 637 3000; x_wconf 59' lang='lat' dir='ltr'>abigaum</span> <span class='ocrx_word' id='word_1_106' title='bbox 661 2920 784 2986; x_wconf 86' lang='lat' dir='ltr'>lmrrida</span> <span class='ocrx_word' id='word_1_107' title='bbox 800 2923 905 2987; x_wconf 89' lang='lat' dir='ltr'>callidi</span> 
     </span>
     <span class='ocr_line' id='line_1_26' title="bbox 225 3018 646 3103; baseline 0.01 -24"><span class='ocrx_word' id='word_1_108' title='bbox 225 3018 361 3082; x_wconf 74' lang='lat' dir='ltr'>Vincunt</span> <span class='ocrx_word' id='word_1_109' title='bbox 376 3040 498 3103; x_wconf 80' lang='lat' dir='ltr'>aequora</span> <span class='ocrx_word' id='word_1_110' title='bbox 513 3019 646 3092; x_wconf 80' lang='lat' dir='ltr'>navitae3</span> 
     </span>
    </p>

    <p class='ocr_par' dir='ltr' id='par_1_16' title="bbox 221 3121 913 3309">
     <span class='ocr_line' id='line_1_27' title="bbox 267 3121 913 3208; baseline 0.006 -26"><span class='ocrx_word' id='word_1_111' title='bbox 267 3121 420 3202; x_wconf 79' lang='lat' dir='ltr'>Magnum</span> <span class='ocrx_word' id='word_1_112' title='bbox 437 3121 598 3206; x_wconf 84' lang='lat' dir='ltr'>pauperies</span> <span class='ocrx_word' id='word_1_113' title='bbox 614 3123 810 3208; x_wconf 85' lang='lat' dir='ltr'>opprobrium</span> <span class='ocrx_word' id='word_1_114' title='bbox 822 3123 913 3207; x_wconf 91' lang='lat' dir='ltr'>jubet</span> 
     </span>
     <span class='ocr_line' id='line_1_28' title="bbox 221 3220 648 3309; baseline 0.019 -28"><span class='ocrx_word' id='word_1_115' title='bbox 221 3220 353 3297; x_wconf 87' lang='lat' dir='ltr'>Quidvis</span> <span class='ocrx_word' id='word_1_116' title='bbox 368 3235 400 3284; x_wconf 87' lang='lat' dir='ltr'>et</span> <span class='ocrx_word' id='word_1_117' title='bbox 414 3221 512 3286; x_wconf 84' lang='lat' dir='ltr'>facere</span> <span class='ocrx_word' id='word_1_118' title='bbox 528 3239 559 3286; x_wconf 89' lang='lat' dir='ltr'>ct</span> <span class='ocrx_word' id='word_1_119' title='bbox 573 3227 648 3309; x_wconf 88' lang='lat' dir='ltr'>pati,</span> 
     </span>
    </p>

    <p class='ocr_par' dir='ltr' id='par_1_17' title="bbox 220 3321 809 3506">
     <span class='ocr_line' id='line_1_29' title="bbox 265 3321 809 3403; baseline 0.009 -20"><span class='ocrx_word' id='word_1_120' title='bbox 265 3321 455 3403; x_wconf 80' lang='lat' dir='ltr'>l&#39;irtutiaque</span> <span class='ocrx_word' id='word_1_121' title='bbox 471 3323 551 3386; x_wconf 87' lang='lat' dir='ltr'>viam</span> <span class='ocrx_word' id='word_1_122' title='bbox 568 3326 680 3387; x_wconf 86' lang='lat' dir='ltr'>deserit</span> <span class='ocrx_word' id='word_1_123' title='bbox 696 3327 809 3388; x_wconf 72' lang='lat' dir='ltr'>ardua.</span> 
     </span>
     <span class='ocr_line' id='line_1_30' title="bbox 220 3421 613 3506; baseline 0.01 -23"><span class='ocrx_word' id='word_1_124' title='bbox 220 3421 279 3484; x_wconf 76' lang='lat' dir='ltr'>vel</span> <span class='ocrx_word' id='word_1_125' title='bbox 294 3443 349 3484; x_wconf 88' lang='lat' dir='ltr'>noa</span> <span class='ocrx_word' id='word_1_126' title='bbox 363 3421 394 3483; x_wconf 90' lang='lat' dir='ltr'>iu</span> <span class='ocrx_word' id='word_1_127' title='bbox 413 3421 613 3506; x_wconf 85' lang='lat' dir='ltr'>Capitolium,</span> 
     </span>
    </p>

    <p class='ocr_par' dir='ltr' id='par_1_18' title="bbox 218 3522 911 3711">
     <span class='ocr_line' id='line_1_31' title="bbox 262 3522 911 3606; baseline 0.017 -23"><span class='ocrx_word' id='word_1_128' title='bbox 262 3524 333 3601; x_wconf 86' lang='lat' dir='ltr'>Quo</span> <span class='ocrx_word' id='word_1_129' title='bbox 347 3522 461 3587; x_wconf 88' lang='lat' dir='ltr'>clamor</span> <span class='ocrx_word' id='word_1_130' title='bbox 477 3538 565 3590; x_wconf 87' lang='lat' dir='ltr'>vocat</span> <span class='ocrx_word' id='word_1_131' title='bbox 579 3539 610 3591; x_wconf 89' lang='lat' dir='ltr'>et</span> <span class='ocrx_word' id='word_1_132' title='bbox 626 3528 714 3592; x_wconf 89' lang='lat' dir='ltr'>turba</span> <span class='ocrx_word' id='word_1_133' title='bbox 728 3528 911 3606; x_wconf 80' lang='lat' dir='ltr'>faventium,</span> 
     </span>
     <span class='ocr_line' id='line_1_32' title="bbox 218 3624 678 3711; baseline 0.013 -25"><span class='ocrx_word' id='word_1_134' title='bbox 218 3624 278 3689; x_wconf 89' lang='lat' dir='ltr'>Vel</span> <span class='ocrx_word' id='word_1_135' title='bbox 291 3646 347 3688; x_wconf 87' lang='lat' dir='ltr'>noa</span> <span class='ocrx_word' id='word_1_136' title='bbox 362 3625 393 3688; x_wconf 90' lang='lat' dir='ltr'>in</span> <span class='ocrx_word' id='word_1_137' title='bbox 409 3648 492 3691; x_wconf 84' lang='lat' dir='ltr'>mare</span> <span class='ocrx_word' id='word_1_138' title='bbox 505 3628 678 3711; x_wconf 85' lang='lat' dir='ltr'>proximum</span> 
     </span>
    </p>

    <p class='ocr_par' dir='ltr' id='par_1_19' title="bbox 183 3723 907 3813">
     <span class='ocr_line' id='line_1_33' title="bbox 183 3723 907 3813; baseline 0.017 -28"><span class='ocrx_word' id='word_1_139' title='bbox 183 3804 187 3812; x_wconf 24' lang='grc' dir='ltr'>ι</span> <span class='ocrx_word' id='word_1_140' title='bbox 261 3723 410 3789; x_wconf 84' lang='lat' dir='ltr'>Gemmas</span> <span class='ocrx_word' id='word_1_141' title='bbox 425 3743 455 3789; x_wconf 87' lang='lat' dir='ltr'>et</span> <span class='ocrx_word' id='word_1_142' title='bbox 472 3728 601 3812; x_wconf 87' lang='lat' dir='ltr'>lapides,</span> <span class='ocrx_word' id='word_1_143' title='bbox 616 3753 724 3797; x_wconf 88' lang='lat' dir='ltr'>aurum</span> <span class='ocrx_word' id='word_1_144' title='bbox 739 3746 770 3796; x_wconf 91' lang='lat' dir='ltr'>et</span> <span class='ocrx_word' id='word_1_145' title='bbox 785 3733 907 3813; x_wconf 87' lang='lat' dir='ltr'>inutile,</span> 
     </span>
    </p>

    <p class='ocr_par' dir='ltr' id='par_1_20' title="bbox 220 3824 612 3907">
     <span class='ocr_line' id='line_1_34' title="bbox 220 3824 612 3907; baseline 0.015 -19"><span class='ocrx_word' id='word_1_146' title='bbox 220 3824 340 3889; x_wconf 84' lang='lat' dir='ltr'>Summi</span> <span class='ocrx_word' id='word_1_147' title='bbox 355 3829 511 3892; x_wconf 87' lang='lat' dir='ltr'>materiem</span> <span class='ocrx_word' id='word_1_148' title='bbox 528 3833 612 3907; x_wconf 90' lang='lat' dir='ltr'>mali,</span> 
     </span>
    </p>

    <p class='ocr_par' dir='ltr' id='par_1_21' title="bbox 220 3926 895 4112">
     <span class='ocr_line' id='line_1_35' title="bbox 263 3926 895 4015; baseline 0.024 -28"><span class='ocrx_word' id='word_1_149' title='bbox 263 3926 441 4004; x_wconf 76' lang='lat' dir='ltr'>lilittamua,</span> <span class='ocrx_word' id='word_1_150' title='bbox 457 3929 605 3995; x_wconf 83' lang='lat' dir='ltr'>scelerum</span> <span class='ocrx_word' id='word_1_151' title='bbox 621 3933 647 3996; x_wconf 87' lang='lat' dir='ltr'>si</span> <span class='ocrx_word' id='word_1_152' title='bbox 662 3935 740 3996; x_wconf 81' lang='lat' dir='ltr'>bene</span> <span class='ocrx_word' id='word_1_153' title='bbox 754 3937 895 4015; x_wconf 81' lang='lat' dir='ltr'>poenitet.</span> 
     </span>
     <span class='ocr_line' id='line_1_36' title="bbox 220 4024 552 4112; baseline 0.009 -25"><span class='ocrx_word' id='word_1_154' title='bbox 220 4024 385 4092; x_wconf 86' lang='lat' dir='ltr'>Eradenda</span> <span class='ocrx_word' id='word_1_155' title='bbox 399 4027 552 4112; x_wconf 86' lang='lat' dir='ltr'>cupidinis</span> 
     </span>
    </p>
   </div>
   <div class='ocr_carea' id='block_1_5' title="bbox 262 4128 962 4208">
    <p class='ocr_par' dir='ltr' id='par_1_22' title="bbox 262 4128 962 4208">
     <span class='ocr_line' id='line_1_37' title="bbox 262 4128 962 4208; baseline 0.011 -19"><span class='ocrx_word' id='word_1_156' title='bbox 262 4129 357 4192; x_wconf 86' lang='lat' dir='ltr'>Pravi</span> <span class='ocrx_word' id='word_1_157' title='bbox 373 4144 444 4193; x_wconf 88' lang='lat' dir='ltr'>sunt</span> <span class='ocrx_word' id='word_1_158' title='bbox 460 4128 610 4194; x_wconf 84' lang='lat' dir='ltr'>elementa</span> <span class='ocrx_word' id='word_1_159' title='bbox 620 4153 630 4208; x_wconf 91' lang='lat'>;</span> <span class='ocrx_word' id='word_1_160' title='bbox 653 4145 682 4195; x_wconf 88' lang='lat' dir='ltr'>et</span> <span class='ocrx_word' id='word_1_161' title='bbox 699 4144 811 4196; x_wconf 82' lang='lat' dir='ltr'>tenerae</span> <span class='ocrx_word' id='word_1_162' title='bbox 827 4134 920 4199; x_wconf 86' lang='lat' dir='ltr'>nimia</span> <span class='ocrx_word' id='word_1_163' title='bbox 960 4204 962 4207; x_wconf 84' lang='lat'><em>.</em></span> 
     </span>
    </p>
   </div>
   <div class='ocr_carea' id='block_1_6' title="bbox 0 0 1440 5010">
    <p class='ocr_par' dir='ltr' id='par_1_23' title="bbox 0 0 1440 5010">
     <span class='ocr_line' id='line_1_38' title="bbox 0 0 1440 5010; baseline 0 3"><span class='ocrx_word' id='word_1_164' title='bbox 0 0 1440 5010; x_wconf 95' lang='lat' dir='ltr'> </span> 
     </span>
    </p>
   </div>
  </div>
 </body>
</html>
