2872 5010
420 479 609 522 ‹nrrnsrnuu
635 481 702 524 ara.
728 464 840 526 rr.18.

359 801 456 865 ODE
481 803 622 870 XVIII.
669 800 835 879 (uersum
859 806 921 883 rr.)

186 1001 216 1063 N
219 1022 262 1065 ou
278 1002 355 1066 ebur
369 1024 470 1088 neque
484 1025 610 1068 aureum

228 1104 303 1168 Mes
317 1105 437 1170 renidet
452 1106 485 1171 in
500 1107 593 1170 domo
607 1107 745 1186 lacunar,

186 1206 256 1269 Non
273 1207 374 1270 trabes
391 1209 565 1292 Hymettiae

227 1310 380 1374 Premunt
395 1311 553 1376 columnas
568 1312 678 1376 ultima
693 1309 806 1375 recisas

184 1409 312 1485 Africa;
337 1434 437 1497 neque
453 1414 557 1478 Attali

228 1514 361 1598 Ignotus
375 1514 475 1579 haeres
490 1516 604 1600 regiam
621 1515 771 1600 occupavi
784 1540 792 1593 ;

184 1616 253 1680 Nec
269 1617 442 1682 Laconicas
457 1617 534 1682 mihi

227 1719 376 1783 Trahunt
390 1718 529 1784 honestae
544 1742 697 1805 purpuras
711 1721 844 1784 clientoe.

184 1821 227 1884 ht
241 1821 317 1885 fides
332 1835 364 1885 et
375 1822 481 1907 ingeni

228 1922 369 2007 Benigne
384 1946 463 1988 vena
477 1939 524 1989 est
536 1949 545 2003 ;
568 1945 796 2010 pauperemque
810 1911 897 1988 dives

185 2026 242 2089 Me
257 2025 355 2110 petit:
380 2025 458 2090 nihil
475 2049 568 2113 supra

204 2157 206 2160 ⁴
226 2129 311 2193 Deos
326 2129 460 2201 lacesso;
485 2151 542 2194 nec
556 2143 713 2213 potentem
729 2128 862 2193 amicum

185 2231 337 2315 Largiora
351 2230 469 2315 flagito,

227 2333 310 2397 Satis
325 2334 435 2398 beatus
450 2332 552 2397 unicis
569 2331 701 2397 Sabinis.

184 2434 341 2499 Truditur
355 2435 421 2499 dies
436 2434 498 2512 die,

226 2539 387 2621 Novaeque
401 2550 539 2621 pergunt
556 2535 682 2601 interire
698 2537 811 2602 Lunae.

183 2640 238 2703 Tu
253 2638 385 2703 secanda
400 2660 551 2703 marmora

226 2741 328 2804 Locas
343 2741 401 2805 sub
416 2741 517 2826 ipsum
532 2742 637 2820 strnue,
653 2756 684 2806 et
699 2742 855 2828 sepulchri

183 2844 361 2920 Immemor,
377 2843 470 2907 struis
485 2844 608 2918 domos3

224 2945 385 3029 Marisque
400 2944 488 3008 Baiis
502 2946 705 3031 obstrepentis
720 2969 833 3032 urgues

181 3049 383 3112 Summovere
398 3047 514 3126 littora,

223 3150 338 3214 Parum
353 3149 490 3233 locuples
505 3150 682 3215 continente
696 3153 773 3237 ripa.

181 3251 265 3330 Quid
280 3250 363 3336 quod
379 3271 475 3334 usque
489 3250 645 3334 proximos

224 3352 363 3416 Revellis
379 3351 444 3436 agri
460 3353 617 3433 terminos,
633 3369 664 3419 et
678 3355 760 3420 ultra

182 3455 314 3519 Limites
334 3454 493 3518 clientium

224 3557 304 3623 Salis
319 3560 454 3621 avarus?
477 3558 603 3641 pellitur
618 3571 761 3642 paternos

182 3661 220 3723 In
237 3659 307 3723 sinu
327 3657 428 3722 ferens
444 3658 530 3722 Deos

222 3763 268 3825 Et
282 3781 371 3835 uxor,
386 3772 417 3822 et
432 3758 492 3836 vir,
507 3759 708 3844 sordidosque
728 3776 825 3825 natos.

181 3863 278 3926 Nulla
297 3860 408 3925 certior
424 3873 525 3925 tamen

222 3963 359 4047 Rapacis
374 3962 449 4027 Orci
471 3963 531 4028 line
546 3963 701 4030 destinata

178 4068 260 4131 Aula
274 4065 402 4130 divitem
426 4080 531 4131 manet

224 4172 356 4233 Herum.
401 4170 485 4247 Quid
500 4170 581 4235 ultra
596 4171 721 4236 tendis?
744 4175 857 4241 AEoua
877 4174 968 4238 tellus

939 4296 957 4336 rs
975 4278 996 4339 2
