2872 5010
193 447 257 510 lto
517 465 549 510 o.
569 461 716 506 uouarn
741 462 864 506 rnaccr

280 619 343 681 Seu
359 638 434 680 voce
449 637 533 679 nunc
548 615 646 680 mavis
658 627 760 690 acuta,

326 719 519 796 Soefidibus
535 718 715 802 citharaque
731 715 855 781 Phoebi.

236 822 385 886 Auditis?
401 845 440 886 an
456 821 602 885 meludit
618 820 761 886 amabilis

239 926 387 989 Insania?
403 925 511 989 audire
526 938 558 987 ct
573 924 680 987 videor
692 923 759 1007 pios

281 1030 395 1091 Errare
409 1048 465 1112 per
479 1027 575 1102 lucos,
591 1047 721 1089 amoenoe

324 1132 410 1207 Quos
425 1141 456 1192 et
471 1150 559 1213 aquae
575 1127 709 1190 subeunt
724 1139 755 1189 et
771 1147 864 1189 aurae.
965 1166 966 1170 =

236 1233 293 1297 Me
307 1231 454 1296 fabulosae
471 1230 602 1293 Vulture
616 1229 647 1291 in
663 1227 802 1313 Appulo,

237 1335 378 1400 Nutricis
390 1346 476 1397 extra
490 1333 585 1395 limen
597 1331 738 1416 Apuliae,

281 1437 376 1501 Ludo
390 1435 616 1520 fatigatumque
631 1456 749 1512 somno,

325 1539 450 1602 Fronde
461 1560 543 1602 nova
557 1559 687 1621 puerum
702 1538 864 1621 palumbes

239 1644 382 1716 Tenere;
406 1640 517 1703 mirum
530 1641 614 1725 quod
628 1637 707 1703 foret
721 1640 876 1714 omnibus,

239 1743 423 1827 Quicunque
437 1742 527 1806 celsae
542 1742 650 1805 nidum
670 1740 881 1815 Acherontiae,

283 1845 448 1929 Saltusque
464 1844 626 1921 Bantinos,
644 1859 674 1907 et
691 1865 800 1907 arvum

325 1945 448 2030 Pingue
463 1959 569 2010 tenent
583 1945 712 2008 humilis
724 1944 863 2018 Ferenti,

239 2048 288 2112 Ut
304 2059 371 2110 tuto
385 2047 424 2110 ab
439 2045 514 2110 atris
531 2067 657 2130 corpore
669 2045 783 2128 viperis

238 2147 415 2212 Dormirem
432 2157 464 2211 et
478 2148 558 2210 ursis
571 2173 579 2220 ;
604 2161 640 2211 ut
655 2169 809 2232 premerer
823 2169 909 2212 sacra

283 2253 461 2336 Lauteque,
478 2250 650 2335 collataque
667 2265 779 2335 myrto,

326 2356 399 2418 Non
415 2355 480 2418 sine
490 2353 562 2416 Diis
577 2354 733 2416 animosus
749 2354 859 2416 infans.

239 2460 362 2535 Vester,
379 2457 550 2533 Camoenae,
563 2469 665 2518 vester
678 2455 711 2518 in
727 2456 839 2520 arduos

241 2561 353 2625 'l'ollor
369 2561 518 2632 Sabinos;
543 2581 598 2622 seu
614 2558 690 2621 mihi
704 2557 854 2641 frigidum

282 2661 452 2736 Praeneste,
463 2682 517 2723 seu
533 2660 637 2722 Tibur
652 2658 808 2742 supinum,

327 2762 390 2823 Seu
404 2760 531 2844 liquidae
546 2760 690 2841 placuere
706 2755 803 2819 Baiae.

242 2863 360 2926 Vestris
375 2861 509 2924 amicum
524 2859 662 2922 fontibus
677 2872 709 2920 et
723 2856 837 2932 choris,

240 2967 272 3030 N
275 2987 315 3028 ou
329 2985 378 3027 me
394 2960 551 3046 Philippis
565 2981 652 3022 versa
668 2957 748 3022 acies
762 2970 855 3033 retro,

284 3068 409 3131 Devota
424 3085 485 3126 non
501 3060 634 3125 extinxit
649 3061 749 3136 arbos,

328 3168 397 3231 Nec
413 3165 518 3230 Sicula
533 3163 701 3229 Palinurus
716 3165 810 3228 unda.

241 3273 412 3354 Utcunque
426 3289 546 3332 mecum
562 3288 617 3329 vos
631 3267 728 3345 eritis,
744 3268 844 3331 libens

242 3372 453 3437 Insanieutem
467 3369 573 3433 navita
588 3370 761 3453 Bosporum

286 3473 442 3550 Teutobo,
458 3484 489 3535 et
503 3484 623 3535 arentes
638 3493 744 3535 arenas

328 3574 461 3639 Littoris
472 3574 593 3657 Assyrii
608 3575 721 3639 viator:

244 3679 349 3742 Visam
364 3676 532 3741 Britannos
548 3677 722 3763 hospitibus
737 3679 829 3754 feros,

243 3787 289 3849 Et
304 3783 411 3847 laetum
427 3779 539 3864 equino
555 3782 705 3865 sanguine
720 3785 922 3846 Concanum:

287 3885 392 3948 Visam
406 3881 600 3966 pharetratos
616 3883 754 3945 Gelonos

330 3989 376 4051 Et
392 3985 573 4070 Scythicum
590 3983 755 4045 inviolatus
770 4002 900 4044 amnem.

244 4095 308 4156 Vos
324 4092 478 4155 Caesarem
494 4088 603 4162 altum,
620 4083 731 4150 militia
746 4082 837 4145 simul

246 4196 358 4258 Fessus
372 4190 511 4256 cohortes
526 4187 648 4252 abdidit
663 4183 795 4269 oppidis,
