2872 5010
582 542 715 584 ottonom
741 541 856 584 LIBER.
895 538 910 548 ”

521 794 610 856 XII.
656 795 819 871 (urrisun
846 795 928 873 111.)1

270 969 360 1044 Qun>
376 966 433 1031 tibi
449 964 508 1043 vis,
524 964 635 1028 mulier
649 965 747 1048 nigris
760 965 946 1057 dignissimo
958 965 1082 1031 mnis?
1106 1019 1110 1029 ,

312 1070 447 1132 Munera
462 1088 517 1131 cur
532 1065 621 1144 mihi,
637 1067 753 1151 quidve
768 1067 915 1156 tabellas·¹
941 1094 947 1116 ι
1026 1118 1029 1123 .

270 1171 387 1250 Mittis,
401 1194 459 1237 nec
473 1169 563 1233 firmo
573 1168 696 1253 juveni,
713 1171 909 1256 nequeuntis
924 1171 1049 1236 obesoe?
1080 1228 1082 1232 .

311 1275 456 1359 Namque
474 1271 615 1357 sagacius
629 1292 711 1336 unus
726 1273 847 1350 odoror,
975 1328 978 1335 .

269 1375 420 1460 Polypus,
440 1397 480 1439 an
495 1372 599 1458 gravis
613 1373 740 1439 hirsutis
756 1374 849 1440 cubet
862 1375 969 1440 bircu's
983 1372 1017 1438 iu
1030 1372 1120 1452 alia:
1202 1376 1223 1436 5

312 1479 412 1555 Quam
430 1475 514 1541 cauis
530 1497 599 1540 acer
614 1475 668 1539 ubi
683 1476 778 1541 lateat
792 1499 855 1541 sus.

269 1578 347 1656 Quis
362 1579 456 1642 sudor
471 1577 572 1654 vietis,
587 1590 619 1641 et
639 1600 732 1662 quam
750 1577 848 1644 malus
863 1578 1001 1664 undique
1016 1577 1160 1642 membris

313 1680 435 1744 Crescit
448 1680 544 1743 odor!
562 1699 632 1743 cum
649 1699 728 1763 pene
744 1678 845 1745 soluto

271 1781 460 1845 Indomitam
475 1793 621 1865 properat
634 1780 750 1847 rabiem
766 1782 890 1859 sedare;
913 1781 1031 1848 necilli
1046 1811 1049 1815 ·

314 1884 387 1946 Iam
403 1897 507 1946 manet
521 1882 651 1947 humida
666 1895 762 1959 creta,
780 1883 926 1969 colorque
1002 1940 1005 1945 .
1184 1885 1227 1946 10

272 1987 413 2048 Stercore
427 1984 549 2049 fucatus
564 1984 708 2060 crocodili
720 2009 729 2057 ;
748 1985 878 2072 jamque
892 1987 1032 2052 subando

312 2087 414 2151 Teuta
427 2086 542 2151 cubilia
552 2099 694 2172 tectaque
708 2088 826 2172 rumpit
840 2115 849 2163 ;

271 2189 329 2253 Vel
343 2211 412 2254 mea
426 2211 495 2253 eum
512 2189 602 2253 saevis
617 2189 717 2272 agitat
731 2188 860 2252 fastidia
876 2190 999 2261 verbis;

315 2292 445 2356 Inachia
459 2291 589 2374 langues
604 2289 718 2364 miuus,
734 2310 770 2352 ac
785 2309 853 2350 me:

272 2392 433 2456 Inachiam
450 2405 497 2455 ter
510 2403 601 2454 nocte
615 2402 704 2474 potes
718 2414 726 2461 ;
752 2387 829 2451 mihi
841 2410 961 2474 semper
976 2391 1016 2455 ad
1032 2412 1128 2455 unum
1188 2394 1229 2457 15

316 2492 428 2556 Mollis
442 2513 537 2575 opus:
565 2502 671 2575 pereat
686 2489 768 2553 male
778 2511 848 2574 quae
864 2504 894 2554 te

274 2594 402 2672 Lesbia,
418 2593 567 2679 quaerenti
583 2608 719 2669 taurum,
736 2593 918 2656 monstravit
932 2592 1078 2667 inertem;

318 2699 400 2762 Cum
416 2695 493 2760 mihi
511 2695 595 2760 Cous
611 2696 734 2760 adesset
750 2695 913 2778 Amyntas,

275 2802 375 2887 Cujus
389 2800 422 2863 in
437 2799 589 2864 indomito
605 2796 794 2862 constantior
809 2795 938 2880 inguine
952 2817 1077 2876 nervus,

318 2906 418 2982 Quam
434 2923 514 2966 nova
529 2900 659 2965 collibus
671 2899 761 2963 arbor
775 2897 916 2961 inhaeret.
1187 2902 1230 2963 20

274 3004 451 3069 Muricibus
467 3003 575 3088 Tyriis
591 3002 710 3067 iteratoe
725 2999 840 3063 vellera
854 3000 933 3063 lanae

318 3107 380 3170 Cui
391 3106 662 3190 properabantur?
679 3102 758 3167 Tibi
773 3122 906 3186 nempe:

276 3208 327 3271 Ne
339 3205 419 3270 foret
434 3206 568 3291 aequales
587 3205 668 3269 iuter
682 3204 824 3282 conviva,
836 3203 935 3288 magis
949 3224 1041 3288 quem

320 3308 476 3393 Diligeret
491 3303 603 3372 mulier
617 3330 673 3372 sua
686 3329 778 3393 quam
795 3319 836 3370 te.

277 3413 307 3475 Ο
322 3431 380 3494 ego
395 3408 514 3488 infelix,
530 3431 620 3494 quam
638 3423 673 3473 tu
686 3410 781 3494 fugis,
796 3422 833 3474 ut
847 3423 940 3495 pavet
954 3430 1038 3475 acres
1190 3413 1232 3476 25

320 3515 416 3597 Agna
430 3511 531 3597 lupos,
549 3532 729 3598 capreaeque
745 3513 857 3576 leones.

528 3819 638 3881 XIII.
686 3815 851 3893 (nuruum
876 3823 938 3901 tv.)

624 3996 670 4037 AD
696 3996 845 4040 AMICUM.

279 4164 447 4226 Honruna
464 4176 629 4247 tempestas
645 4164 755 4226 caelum
771 4161 936 4238 contraxit,
953 4176 983 4224 ct
999 4160 1111 4225 imbres

325 4265 481 4351 Nivesque
498 4265 657 4330 deducunt
671 4267 695 4328 J
698 4287 809 4338 ovem;
838 4286 921 4327 nuuc
938 4285 1031 4341 marc,
1047 4283 1130 4325 nunc
1144 4259 1233 4323 silbae
