2872 5010
477 482 665 529 cnarrruou
690 483 756 526 aas.
781 484 835 529 111.
859 463 911 527 16.

222 634 310 696 Inter
324 632 432 696 ludere
443 632 589 716 virgines,
631 644 634 651 '
697 666 703 674 ·
774 650 778 662 ’
820 698 823 703 ,
890 665 894 673 ·
940 645 946 655 “
993 665 995 669 ⁴

264 736 309 798 Et
323 733 421 797 stellis
436 734 581 804 nebulam
595 758 739 821 spargere
754 736 907 805 candidis.
1005 798 1009 804 .

222 836 304 912 Non,
321 835 436 920 siquid
453 834 594 903 Pholoen
610 838 698 915 satis,
834 848 837 852 ’
950 847 955 854 ’

264 938 310 1000 Et
325 951 366 1013 te,
384 934 505 1015 Chlori,
522 938 629 1002 decet:
654 939 720 1004 lilia
734 941 848 1006 rectius

221 1038 553 1122 Expugnatjurenum
571 1039 690 1117 domos,

264 1139 360 1204 Pulso
377 1139 488 1223 Thyes
503 1139 549 1204 uti
565 1140 686 1204 concita
701 1153 864 1226 tympano·
903 1180 905 1185 s

223 1241 314 1305 lllam
330 1241 414 1326 cogit
428 1263 515 1305 amor
532 1240 630 1307 Nothi

175 1363 177 1367 ’
264 1342 407 1406 Lascivae
422 1343 554 1408 similem
569 1342 676 1408 ludere
691 1359 822 1428 capreae:
839 1359 844 1365 '
864 1360 877 1384 ‘·
934 1358 939 1367 ‘
1002 1357 1006 1365 '

223 1454 273 1516 Te
288 1452 368 1514 lanae
384 1472 479 1535 prope
494 1449 628 1513 nobilem
729 1460 735 1469 ’

267 1555 384 1615 'l'onsar
401 1551 576 1627 Luceriam,
592 1571 654 1613 non
669 1549 796 1614 citlrarae
811 1549 932 1628 decent,

223 1655 254 1716 N
257 1676 291 1716 ec
307 1652 363 1715 llos
379 1674 552 1738 purpureus
567 1673 657 1726 rosae,
929 1710 931 1715 .

267 1756 297 1818 N
301 1778 335 1819 ec
350 1756 413 1839 poti
432 1752 658 1819 vetulamfaece
674 1763 763 1814 tenus
779 1751 860 1815 cadi.
970 1784 974 1790 ,
1012 1784 1015 1789 ·

467 2120 563 2184 onu
588 2118 685 2184 xv1.
730 2093 1013 2205 (nenns'

519 2300 566 2342 ao
592 2299 830 2345 nacsuaruu.
859 2272 900 2285 ”’
967 2275 970 2280 ’

228 2439 408 2502 luccnsaar
426 2437 557 2501 Danaen
574 2437 667 2502 turris
681 2436 809 2515 ahenea,
845 2498 847 2502 Α
961 2498 970 2505 .

228 2541 439 2623 Robusoeque
454 2537 545 2617 fores,
561 2552 593 2604 et
604 2537 735 2625 uigilum
751 2561 863 2629 canum
978 2576 982 2582 ·
1023 2578 1043 2607 ·.

227 2639 351 2705 Tristes
365 2638 502 2703 excubiae
517 2638 692 2705 munierant
705 2640 781 2706 satis

356 2741 526 2805 Nocturnis
541 2741 581 2805 ab
596 2741 762 2821 adulteris;

228 2842 339 2906 Sinon
355 2840 525 2920 Acrisium,
541 2842 671 2928 virginis
685 2842 800 2910 abdita

228 2944 396 3010 Custodem
413 2945 572 3028 pavidum,
584 2945 712 3030 Jupiter
723 2962 755 3011 et
770 2949 875 3012 Venus
917 2986 920 2991 ·
1031 2986 1035 2993 ‚

228 3046 401 3111 Risissent:
424 3048 489 3112 fore
505 3047 586 3111 enim
603 3060 704 3111 tutum
720 3048 780 3114 iter
794 3064 826 3116 et
840 3063 960 3136 patens,

359 3151 517 3213 Converso
532 3149 565 3212 in
580 3150 714 3234 pretium
731 3151 813 3217 Deo.

229 3252 354 3314 Auauu
371 3271 425 3335 per
440 3249 557 3314 medios
572 3250 616 3314 ire
632 3250 791 3330 satellites,

230 3356 275 3418 Et
290 3374 485 3440 perrumpere
500 3366 583 3417 amat
598 3375 680 3425 saxa,
698 3352 855 3437 potentius

231 3457 301 3521 Ictu
316 3454 482 3519 fulmineo:
507 3455 642 3519 concidit
656 3456 782 3540 auguris

356 3557 466 3641 Argivi
481 3558 603 3632 domus,
617 3556 657 3620 ob
670 3557 791 3620 lucrum

231 3663 381 3726 Demersa
396 3657 509 3722 exitio:
533 3656 649 3720 diffidit
663 3656 787 3720 urbium

233 3765 343 3826 Portas
358 3759 405 3821 vir
421 3757 568 3834 Macedo,
583 3770 615 3819 et
629 3752 750 3820 subruit
763 3756 905 3837 aemulos⁴
923 3834 929 3848 ,

232 3863 335 3944 Reges
349 3857 544 3922 muneribus:
568 3877 696 3921 munera
710 3858 836 3930 navium
910 3931 912 3935 ,
987 3928 989 3933 ,
1117 3905 1121 3914 .

362 3963 468 4025 Saevos
483 3960 652 4046 illaqueant
663 3959 767 4027 duces.
879 3958 882 3962 ’

232 4070 472 4132 consocnrrn
487 4064 624 4150 sequitur
639 4087 713 4130 curo
728 4061 905 4151 pecuniam,

234 4169 451 4253 ,llnjorurnquc
465 4167 576 4234 fames:
597 4167 669 4252 jure
684 4166 843 4255 perhorrui
