2872 5010
469 461 708 513 nrrsronna'uu
734 471 802 514 ars.
825 473 848 514 1.
871 450 901 514 6.
1117 447 1181 530 177

188 615 253 677 Hic
269 617 326 682 tibi
340 619 510 703 sit'potius,
525 647 617 710 quam
634 635 669 685 tu
684 622 832 685 mirabilis
848 622 905 685 illi.

186 719 343 805 Quicquid
358 723 416 785 sub
431 732 510 788 terra
526 738 583 802 est,
598 725 630 787 in
646 723 782 806 apricum
800 724 934 808 proferet
949 735 1036 799 aetas,

186 822 334 886 Defodiet
349 826 520 909 condetque
535 826 676 888 nitentia.
723 822 802 887 Cum
818 826 896 888 bene
911 837 1018 887 notum
1137 826 1181 886 25

187 925 329 989 Porticus
344 928 505 1011 Agrippae,
521 942 552 991 et
568 929 618 990 via
634 940 664 990 te
679 927 872 1010 conspexerit
887 927 988 1011 Appi,

187 1028 239 1090 Ire
254 1041 355 1092 tamen
370 1042 465 1092 restat
481 1032 587 1093 Numa
602 1052 663 1114 quo
676 1028 801 1092 devenit
816 1044 847 1091 et
864 1031 984 1093 Ancus.

187 1129 220 1190 Si
235 1129 315 1192 latus
330 1145 383 1194 aut
399 1154 486 1194 rencs
502 1133 607 1194 morbo
623 1143 781 1194 tentantur
796 1143 897 1208 acuto,

185 1232 296 1306 Quaere
310 1232 415 1317 fugam
431 1234 539 1296 morbi.
585 1234 640 1296 Vis
654 1246 736 1296 recte
752 1233 881 1297 vivere?
909 1233 978 1318 quis
993 1236 1081 1296 non?

185 1332 219 1394 Si
230 1333 328 1396 virtus
342 1335 401 1397 hoc
416 1356 477 1397 una
491 1347 592 1418 potest
608 1336 692 1409 dare,
707 1334 795 1397 fortis
810 1334 931 1397 omissis
1059 1409 1062 1414 ι
1136 1335 1180 1396 30

184 1434 257 1497 Hoc
272 1457 329 1518 age
345 1435 474 1497 deliciis.
520 1435 675 1497 Virtutem
691 1435 784 1497 verba
799 1446 902 1517 putes,
917 1447 953 1497 ut

185 1535 308 1598 Lucum
325 1536 434 1618 ligna?
458 1558 586 1599 caverre
602 1547 709 1618 portus
724 1548 852 1617 occupet
867 1535 962 1609 alter;

184 1638 235 1699 Ne
252 1636 441 1719 Cibyratica,
457 1659 497 1700 ne
513 1637 653 1720 Bithyna
668 1637 792 1718 negotia
806 1636 926 1719 perdas.

185 1739 278 1802 Mille
294 1740 409 1803 talenta
424 1741 639 1815 rotundentur,
656 1738 784 1800 totidem
800 1737 907 1812 altera,
923 1747 1059 1819 porroet

185 1841 296 1903 Tertia
312 1844 487 1919 succedant,
503 1855 533 1905 et
548 1863 618 1925 quae
633 1863 703 1926 pars
718 1839 849 1924 quadret
864 1859 1017 1902 acervum.
1137 1841 1180 1902 35

186 1940 310 2004 Scilicet
325 1964 449 2006 uxorem
466 1964 536 2006 cum
552 1943 634 2020 dote,
650 1942 816 2026 fidemque,
833 1953 864 2004 et
880 1939 1007 2017 amicos,

184 2043 230 2105 Et
243 2065 341 2125 genus
357 2059 387 2106 ct
402 2044 530 2107 formam
546 2045 653 2129 regina
668 2044 798 2130 pecunia
814 2045 929 2106 donat:

184 2145 236 2207 Ac
250 2146 328 2209 bene
343 2161 534 2210 nummatum
552 2149 676 2210 decorat
693 2146 828 2211 Suadela
843 2148 1021 2227 Venusque.

185 2247 354 2330 lllancipiis
366 2248 502 2331 locuples
517 2261 587 2329 eget
603 2247 673 2310 aeris
689 2247 910 2329 Cappadocum
925 2267 998 2307 rex:

185 2351 234 2411 Ne
249 2349 343 2410 fueris
358 2348 410 2411 hic
426 2364 470 2411 tu.
517 2348 708 2431 Chlamydes
719 2347 884 2423 Lucullus,
900 2358 936 2409 ut
951 2345 1049 2422 aiunt,
1138 2347 1181 2410 40

186 2452 220 2512 Si
235 2464 338 2536 posset
354 2465 476 2514 centum
493 2472 594 2513 scenae
610 2450 749 2534 praebere
764 2462 900 2532 rogatus

185 2553 246 2628 Qui
262 2574 386 2634 possum
403 2555 472 2613 tot?
495 2550 552 2614 ait:
578 2563 679 2614 tamen
695 2563 726 2614 et
737 2573 884 2635 quaeram,
901 2564 932 2615 et
946 2563 1022 2635 quot
1037 2549 1167 2623 habebo,

185 2655 334 2717 Mittam:
359 2667 429 2736 post
444 2653 536 2735 paulo
551 2652 667 2728 scribit,
684 2653 742 2717 sibi
759 2652 856 2716 millia
870 2653 1006 2738 quinque

184 2758 264 2819 Esse
279 2755 362 2818 dorni
378 2754 576 2838 chlamydum
591 2780 599 2827 ;
624 2766 754 2838 partem,
771 2754 820 2816 vel
837 2754 957 2817 tolleret
973 2775 1088 2817 omues.

184 2857 286 2920 Exilis
302 2857 411 2936 domus
427 2871 484 2932 est,
501 2856 554 2919 ubi
571 2879 632 2918 non
647 2869 678 2920 et
694 2856 792 2919 multa
808 2869 985 2940 supersunt,
1135 2856 1177 2917 45

184 2961 228 3022 Et
241 2958 402 3029 ,dominum
419 2958 543 3034 fallunt,
560 2972 591 3021 et
605 2970 734 3041 prosunt
750 2958 879 3022 furibus.
927 2955 1012 3042 Ergo

185 3061 280 3123 Sires
296 3059 360 3122 sola
375 3074 476 3142 potest
491 3060 591 3123 facere
607 3073 638 3123 et
656 3082 777 3123 servare
793 3059 929 3134 beatum,

183 3163 256 3224 Hoc
271 3162 388 3244 primus
402 3175 522 3244 repetas
537 3185 625 3246 opus
641 3162 700 3225 boc
716 3175 889 3244 postremus
904 3160 1037 3223 omittas.

186 3264 219 3326 si
234 3263 425 3325 fortunatum
441 3264 556 3346 speeies
573 3279 603 3327 et
618 3264 718 3348 gratia
732 3275 871 3346 praestat,

185 3366 364 3428 Mercemur
375 3387 508 3442 servum,
525 3366 577 3451 qui
593 3366 689 3429 dictet
704 3365 841 3442 nomina,
853 3363 968 3426 loevum
1135 3365 1178 3429 50

185 3466 247 3542 Qui
262 3466 375 3533 fodicet
389 3467 481 3543 latuS,
498 3481 529 3530 et
544 3481 633 3553 cogat
649 3481 733 3531 trans
748 3468 884 3550 pondera
900 3466 1039 3529 dextram

184 3568 364 3650 Porrigere:
391 3568 454 3631 Hic
470 3569 601 3630 multum
617 3570 649 3629 in
666 3569 766 3630 Fabia
781 3568 874 3642 valet,
890 3566 943 3630 ille
958 3566 1088 3637 Velina;

185 3668 245 3730 Cui
261 3669 377 3732 libetis
392 3669 489 3730 fasces
502 3668 599 3741 dabit,
613 3668 783 3750 eripietque
794 3667 900 3730 curule

185 3770 245 3833 Cui
261 3770 344 3832 volet
360 3770 556 3851 importunus
571 3769 665 3830 ebur:
691 3769 811 3843 Frater,
824 3770 929 3845 Pater,
945 3768 1046 3842 adde;

184 3871 231 3933 Ut
244 3871 354 3955 cuique
369 3883 414 3933 est
431 3882 518 3946 aetas,
533 3869 577 3933 ita
593 3891 745 3954 quemque
760 3869 877 3962 facetus
892 3871 1015 3956 adopta.
1135 3872 1177 3933 55

185 3973 229 4050 Si,
244 3974 322 4037 bene
337 3973 390 4057 qui
406 3986 519 4047 coenat,
536 3974 614 4036 bene
630 3971 730 4045 vivit3
755 3973 850 4050 lueet,
866 3996 971 4038 camus

184 4077 254 4151 Quo
271 4073 357 4136 ducit
373 4073 465 4157 gula:
490 4073 654 4158 piscemur,
670 4097 836 4146 venemur3
860 4086 896 4136 ut
911 4074 983 4136 olim

185 4175 357 4259 Gargilius,
372 4175 426 4259 qui
438 4197 528 4240 mane
543 4177 662 4260 plagas,
678 4177 842 4253 venabula,
858 4195 973 4246 servos,

1027 4293 1049 4335 u
