2872 5010
462 789 502 861 Q.
525 787 720 852 HORATII
743 785 907 851 FLACCI

364 968 998 1073 CARMINUM

523 1169 648 1229 LIBER
669 1168 840 1228 PRIMUS.

452 1501 549 1564 ODE
575 1499 602 1561 1.
650 1495 816 1573 (nuruum
839 1498 926 1578 xrv.)

526 1671 573 1712 An
598 1667 837 1711 MAECENATEM·

231 1808 411 1869 Meceuas
426 1801 524 1866 atavis
539 1801 623 1866 edite
636 1800 772 1885 regibus,

230 1910 259 1972 Ο
275 1920 307 1970 et
321 1905 512 1991 praesidium,
528 1918 560 1970 et
575 1903 666 1968 dulce
680 1903 774 1968 decus
790 1923 905 1983 meum,

231 2009 311 2072 Sunt
326 2030 402 2093 quos
417 2005 571 2072 curriculo
586 2007 745 2092 pulverem
762 2004 963 2091 Olympicum

230 2100 401 2195 Collegisse
411 2110 522 2195 juvat3
546 2122 689 2193 metaque
703 2107 832 2172 fervidis

228 2213 358 2277 Evitata
372 2211 459 2289 rotis,
474 2210 638 2296 palmaque
652 2209 766 2273 nobilis

229 2315 397 2378 Terrarum
419 2311 560 2379 dominos
575 2310 679 2375 evehit
694 2311 734 2374 ad
750 2312 845 2374 Deos.

230 2416 339 2491 Hunc,
356 2414 383 2477 ai
397 2412 557 2477 mobilium
574 2413 664 2477 turba
679 2411 848 2491 Quiritium

230 2517 339 2579 Certat
354 2514 532 2600 tergeminis
548 2514 656 2579 tollere
668 2513 854 2589 honoribus;

230 2616 339 2694 Illum,
355 2616 381 2680 si
396 2616 520 2700 proprio
535 2615 674 2681 condidit
688 2616 809 2694 horreo,

228 2717 389 2804 Quidquid
405 2718 444 2782 de
459 2717 590 2802 Libycis
605 2718 738 2783 verritur
751 2718 849 2792 areis;

230 2821 429 2884 Gaudentem
441 2819 557 2903 patrios
570 2820 688 2884 findere
702 2821 822 2886 sarculo

228 2924 343 3007 Agros,
381 2922 530 2986 Attalicis
545 2921 773 2987 conditionibus

229 3025 395 3109 Nunquam
412 3024 580 3102 dimoveas,
597 3037 632 3089 ut
647 3024 733 3089 trabe
750 3026 869 3111 Cypria

228 3126 392 3210 Myrtoum
404 3126 537 3210 pavidus
552 3139 647 3191 nauta
662 3141 744 3191 secet
759 3149 852 3192 mare.

229 3227 416 3292 Luctantem
434 3229 544 3292 Icariis
558 3227 703 3293 fluctibus
718 3229 862 3295 Africum
964 3278 967 3283 -

178 3320 182 3328 ’
230 3330 389 3393 Mercator
403 3343 554 3406 metuens,
570 3329 666 3394 otium
683 3346 714 3396 et
730 3332 837 3418 oppidi

229 3429 355 3494 Laudat
371 3452 442 3495 rura
453 3430 519 3495 sui:
544 3454 615 3496 mox
629 3434 729 3499 reficit
743 3449 824 3499 rates

230 3532 376 3610 Quaasas,
393 3533 536 3597 indocilis
551 3536 728 3620 pauperiem
745 3537 820 3621 pati.
911 3604 913 3611 ,

230 3634 291 3697 Est
305 3633 359 3718 qui
374 3656 432 3699 nec
446 3636 559 3699 veteris
573 3637 684 3721 pocula
700 3638 842 3716 Massici,

231 3738 262 3800 N
264 3757 299 3799 ec
313 3750 431 3820 partem
447 3737 546 3801 solido
561 3738 684 3802 demere
699 3739 738 3803 dc
753 3740 804 3804 die

232 3837 369 3922 Spernit,
385 3859 468 3904 nunc
482 3839 573 3903 viridi
588 3841 725 3906 membra
740 3843 799 3907 sub
811 3843 922 3909 arbuto

232 3943 366 4018 Stratus,
382 3962 466 4006 nunc
480 3943 520 4006 ad
536 3964 625 4027 aquae
640 3942 710 4009 lene
724 3957 818 4030 caput
833 3968 937 4011 sacrae.

232 4042 355 4106 Multos
371 4057 470 4108 castra
479 4044 605 4128 juvant,
621 4060 652 4110 ct
666 4047 745 4110 lituo
761 4050 845 4113 tuboe

233 4145 406 4210 Permistua
422 4146 551 4224 sonitus,
567 4148 709 4235 bellaque
725 4150 874 4215 matribus

231 4246 404 4314 Detestata.
450 4251 562 4315 Manet
577 4251 635 4314 sub
649 4253 732 4316 Jove
746 4251 875 4337 frigido-
