2872 5010
581 453 714 516 nronou
739 455 854 498 arnna.
879 510 881 515 ⁴

617 722 654 784 V·
701 727 754 804 (¹1·
778 726 816 802 ι·)

476 926 513 969 IN
538 928 716 973 emmau
742 929 963 973 VENEFICAM.

266 1114 332 1189 Ar,
348 1112 377 1179 Ο
393 1110 518 1174 deorum
534 1112 682 1199 quicquid
697 1113 729 1177 in
744 1114 821 1178 caelu
837 1115 916 1198 regit

307 1213 423 1276 Terras
437 1225 468 1274 et
483 1210 652 1278 humanum
670 1221 788 1299 genus!

263 1313 348 1391 Quid
363 1313 421 1378 iste
436 1313 496 1377 fert
512 1317 686 1380 tumuitus?
703 1331 734 1380 et
749 1316 825 1405 quid
840 1317 979 1381 omnium

306 1415 420 1478 Vultus
437 1415 467 1477 in
485 1437 582 1479 unurn
599 1439 649 1481 me
665 1421 791 1480 truces?
959 1424 961 1429 '

264 1518 329 1580 Per
345 1517 458 1580 liberos
474 1531 516 1593 te,
531 1518 558 1580 si
575 1533 683 1584 vocata
698 1520 848 1603 partubus

307 1619 431 1682 Lucina
446 1619 526 1683 reris
541 1619 641 1698 affuit,

266 1724 328 1784 Per
341 1721 401 1784 hoc
417 1721 508 1785 inane
523 1742 670 1805 purpurae
685 1721 779 1785 decus
794 1744 915 1806 precor,

309 1824 371 1886 Per
385 1823 628 1907 improbaturum
644 1823 712 1886 haec
726 1825 853 1901 Jorenr,

265 1923 351 2000 Quid
366 1936 402 1988 ut
416 1945 547 1988 noverea
562 1946 610 1989 me
624 1924 766 2004 intueris,
782 1938 836 1991 aut
850 1927 897 1991 uti

310 2025 506 2090 Petitaferro
520 2026 635 2092 belua?
935 2013 937 2017 i

266 2129 315 2192 Ut
328 2129 397 2193 haec
412 2143 562 2195 tremente
577 2145 705 2215 questus
720 2152 772 2195 ore
788 2130 927 2196 constitit

309 2232 492 2316 Insignibus
507 2233 605 2315 raptis
618 2253 707 2315 puer,

268 2332 400 2415 Impube
415 2354 537 2417 corpus,
553 2332 644 2417 quale
658 2347 763 2418 posset
776 2334 872 2419 impia

313 2433 441 2498 Mollire
457 2433 617 2497 Thracum
634 2446 776 2517 pectora3

267 2535 402 2603 Canidia
415 2533 560 2598 brevibus
574 2534 733 2619 implicata
747 2535 860 2621 viperis
894 2579 895 2582 =

311 2637 421 2703 Crines
436 2649 468 2700 et
482 2636 650 2700 inconuum
667 2651 773 2722 caput,

267 2744 290 2805 J
292 2741 366 2805 ubet
380 2737 552 2822 sepulchris
567 2737 727 2823 caprificos
742 2752 855 2817 erutas,

309 2845 333 2907 J
336 2842 409 2906 ubet
423 2861 586 2925 cupressus
599 2838 755 2918 funebres,

265 2947 311 3010 Et
325 2955 420 3009 uncta
433 2941 533 3026 turpis
549 2963 608 3006 ova
622 2964 706 3006 ranae
721 2943 883 3028 sanguine,

309 3047 514 3129 Plumamque
528 3057 688 3109 nocturnae
702 3044 819 3128 strigis,
954 3035 958 3042 ⁵

267 3150 452 3232 Herbasque
466 3168 543 3232 quas
559 3146 662 3211 Iolcos
678 3159 771 3231 atque
783 3145 889 3211 Iberia

312 3249 428 3326 Mittit,
444 3269 631 3312 venenorum
646 3248 744 3328 ferax,

268 3355 314 3416 Et
328 3373 397 3415 ossa
411 3350 451 3414 ab
466 3371 519 3413 ore
533 3361 623 3434 rapta
631 3349 751 3435 jejunae
766 3351 862 3430 cauis,

311 3451 462 3517 Flammis
476 3451 566 3515 aduri
581 3452 748 3518 Colchicis.

269 3560 317 3620 At
331 3553 476 3640 expedita
491 3555 625 3638 Sagana,
639 3576 696 3638 per
710 3567 806 3620 totam
824 3555 949 3620 domurn

311 3658 467 3741 spargens
481 3652 655 3719 Avernales
669 3677 776 3741 aquas,

267 3757 387 3819 Horret
401 3752 522 3839 capillis
537 3766 573 3817 ut
587 3752 725 3818 marinus
739 3756 854 3839 asperis

312 3857 466 3932 Echinus,
483 3868 538 3920 aut
552 3876 678 3920 currens
692 3877 776 3941 aper.

268 3959 391 4023 Abaeta
405 3957 493 4023 nulla
508 3957 588 4022 Veia
602 3958 800 4039 conscientia,

311 4060 485 4144 Ligonibua
500 4060 587 4124 duris
601 4059 731 4125 humum

268 4160 492 4239 &hauriebat
509 4162 667 4247 ingemens
681 4163 855 4233 laboribus;
