2948 5422
213 507 285 571 ³212
603 526 635 573 c.
658 523 805 568 uosarrr
830 519 954 568 resecr

266 678 374 744 Mutat
388 689 469 742 terra
483 677 578 756 vices,
593 688 625 740 et
639 676 848 744 decrescentia
860 672 945 761 ripas

310 779 459 845 Flumina
472 789 683 865 praetereunt:

265 882 376 949 Gratis
390 903 461 946 cum
478 880 636 966 Nymphis
650 878 843 966 geminisque
858 879 1011 947 sororibus
1025 880 1124 948 audet
1207 891 1233 954 5

307 986 432 1049 Ducere
447 983 532 1048 nuda
547 982 666 1046 choros.

264 1088 497 1151 lusorum
512 1107 552 1149 ne
565 1104 679 1169 speres,
693 1096 799 1149 monet
813 1105 924 1165 annru,
938 1096 969 1150 et
984 1083 1103 1151 almum

287 1171 295 1186 ’
310 1191 389 1266 Quae
403 1188 486 1272 rapit
500 1186 576 1252 hora
590 1186 682 1251 diem.

264 1289 397 1375 Frigora
410 1288 576 1354 mitescunt
592 1287 759 1373 Zephyris,
773 1309 828 1353 ver
841 1287 970 1374 proterit
985 1303 1077 1356 oestas

237 1401 247 1420 ⁹
309 1391 489 1469 Interitura,
505 1390 598 1455 simul
1178 1397 1226 1459 10

268 1493 408 1558 Pomifer
421 1506 589 1559 autumnus
602 1490 709 1577 fruges
724 1489 878 1570 effuderit,
894 1505 925 1558 et
939 1513 1012 1557 mox

308 1597 427 1661 Bruma
441 1595 570 1660 recurrit
585 1594 676 1659 iners.

266 1698 392 1764 Damna
407 1709 511 1764 tamen
526 1697 640 1763 celeres
653 1709 799 1782 reparant
815 1695 954 1762 coelestis
967 1696 1067 1762 lunae:

308 1799 375 1864 Nos
390 1800 444 1865 ubi
459 1799 632 1864 decidimus

266 1902 337 1978 Quo
351 1901 422 1986 pius
436 1903 563 1981 AEueas,
578 1923 640 1986 quo
655 1900 743 1966 dives
759 1901 876 1966 Tullus
890 1913 922 1966 et
937 1903 1060 1982 Ancus,
1177 1907 1224 1971 15

310 2003 421 2067 Pulvis
435 2016 467 2067 et
481 2004 591 2067 umbra
604 2025 721 2067 sumus.

265 2104 351 2180 Qurs
368 2125 442 2168 sorr
458 2126 498 2169 sn
513 2104 661 2189 adjiciant
674 2104 834 2169 hodiernae
848 2105 981 2172 crastina
995 2128 1126 2172 summae

310 2207 470 2291 Tempora
485 2207 542 2271 Dii
556 2206 682 2292 superi?

266 2308 391 2372 Cuncta
401 2329 510 2374 manus
520 2308 627 2374 avidas
641 2308 763 2394 fugient
778 2308 921 2389 haeredis,
937 2311 1035 2376 amico

310 2412 390 2488 Quae
404 2410 527 2475 dederis
542 2411 654 2476 animo.
1172 2417 1220 2478 2⁰

268 2513 351 2576 Cum
365 2513 461 2577 semel
475 2512 634 2589 occideris,
650 2527 682 2578 et
697 2514 736 2578 de
751 2525 783 2578 te
797 2513 961 2598 splendida
977 2512 1087 2579 Minos

309 2614 431 2679 Fecerit
445 2614 582 2693 arbitria,

266 2715 351 2793 Non,
368 2717 538 2802 Torquate,
554 2739 665 2801 genus,
680 2739 743 2781 non
759 2730 790 2782 te
804 2717 961 2792 facundia,
976 2738 1039 2782 non
1055 2731 1087 2784 te

306 2817 466 2881 Restituet
480 2819 596 2903 pietas:

263 2917 399 2982 quemis
413 2941 514 3004 neque
528 2921 610 2984 enim
626 2920 759 2985 tenebris
774 2922 880 2987 Diana
893 2921 1040 3006 pudicum
1173 2924 1219 2986 25

306 3022 436 3089 Liberat
451 3021 684 3108 Hippolytum

264 3127 332 3191 Nec
346 3126 481 3193 Lethaea
491 3126 574 3192 valet
590 3126 736 3190 Theseus
750 3126 931 3212 abrumpere
946 3149 1016 3197 caro

309 3229 440 3292 Vincula
456 3226 607 3293 Pirithoo.

528 3481 881 3493 Ἣ

499 3666 595 3732 ODE
619 3668 721 3732 vl11.
770 3666 920 3746 (urus.)
996 3706 1002 3713 ·
1132 3731 1134 3735 Α

557 3872 603 3912 ΑΒ
629 3871 867 3917 CENSORINUM.

257 4035 438 4099 Doussrru
454 4044 575 4119 pateras
589 4044 738 4118 grataque
752 4035 943 4115 commodus,

256 4137 438 4218 Censorine,
453 4137 532 4202 meis
547 4158 608 4202 aera
619 4135 793 4203 sodalibus:

252 4240 410 4305 Donarem
426 4238 573 4324 tripodas,
590 4239 717 4324 praemia
731 4240 857 4307 fortium
