2872 5010
442 526 632 569 cnarrrrrurt
656 525 723 568 nra.
748 507 846 570 1.18·
870 507 919 574 19.
1111 511 1172 572 101

374 787 378 796 Ι
440 710 536 774 ODE
560 709 702 772 XVIII.
750 708 915 794 (muru.)

579 849 626 890 Ab
648 848 782 891 VABUM.

183 951 349 1025 Nnttnu,
364 947 456 1023 Varc,
472 967 557 1009 sacra
571 944 635 1008 vite
649 944 735 1028 prius
750 943 864 1008 severis
879 946 1017 1010 arborem

185 1050 276 1114 Circa
290 1049 365 1112 mite
380 1047 480 1110 solum
497 1045 639 1123 Tiburis,
655 1059 686 1110 et
697 1047 811 1111 moenia
828 1046 935 1110 Catili.

185 1151 281 1216 Siccis
295 1149 399 1214 omnia
412 1169 484 1212 nam
499 1148 577 1212 dura
594 1149 682 1213 Deus
696 1148 878 1233 proposuit3
903 1170 1003 1235 neque

185 1252 350 1316 Mordaces
360 1250 451 1315 aliter
465 1249 636 1334 diffugiunt
651 1249 874 1315 solicitudines.

185 1354 262 1432 Quis
276 1367 346 1437 post
361 1351 434 1415 vina
449 1371 574 1436 gravem
590 1350 733 1414 militiam
749 1366 805 1415 aut
818 1351 1002 1434 pauperiem·
1012 1366 1118 1434 crepat
1130 1357 1143 1415 ἓ
1156 1357 1177 1417 5

185 1454 263 1532 Quis
276 1476 338 1517 non
354 1451 514 1536 topatius,
531 1450 655 1515 Bacche
670 1463 769 1534 pater,
786 1465 888 1536 teque,
905 1452 1017 1518 decens
1032 1440 1163 1518 Verius?

185 1557 234 1619 At
247 1577 287 1619 nc
301 1554 370 1639 quis
384 1552 499 1616 modici
507 1551 669 1616 transiliat
684 1573 813 1615 munera
829 1550 947 1630 Liberi,

185 1657 360 1723 Centaurea
375 1667 480 1717 monet
490 1673 560 1715 cum
577 1651 724 1735 Lapithis
738 1652 805 1715 rixa
819 1673 911 1736 super
925 1674 1009 1717 mero

187 1757 374 1823 Debellata:
399 1766 504 1818 mouet
521 1752 673 1817 Sithoniis
686 1775 748 1817 non
763 1753 841 1818 levis
856 1754 979 1828 Evius3

188 1863 270 1924 Cum
284 1857 331 1921 fas
345 1870 438 1941 atque
452 1854 539 1920 nefas
554 1855 669 1941 exiguo
683 1856 745 1920 fine
759 1855 924 1920 libidinum
1141 1860 1181 1921 10

187 1960 378 2024 Discernunt
393 1957 487 2022 avidi.
533 1959 566 2020 N
567 1980 606 2022 ou
621 1981 679 2043 ego
695 1971 736 2036 te,
752 1959 883 2023 candide
898 1960 1063 2038 Bassareu,

187 2062 326 2127 Invitum
342 2061 497 2146 quatiam;
519 2082 576 2124 nec
591 2061 684 2125 variis
699 2061 800 2125 obsita
813 2060 976 2127 frondibus

189 2165 254 2228 Sub
268 2163 374 2226 divum
390 2162 526 2246 rapiam:
552 2184 635 2225 saeva
650 2176 721 2226 tenc
736 2184 806 2225 cum
822 2163 1009 2246 Berecyntio

188 2266 294 2329 Comu
309 2277 469 2348 tympana,
480 2285 551 2347 quae
566 2262 766 2347 subsequitur
781 2284 881 2327 caecus
896 2266 997 2327 Amor
1009 2265 1070 2343 sui,

189 2368 235 2430 Et
249 2365 359 2429 tollens
374 2384 504 2427 vacuum
517 2363 587 2447 plus
602 2362 698 2427 nimio
714 2364 824 2428 Gloria
838 2365 996 2444 verticem,
1140 2372 1181 2436 15
1202 2436 1205 2440 ,

188 2465 364 2551 Arcanique
380 2465 477 2529 Fides
491 2465 633 2549 prodiga,
648 2465 834 2550 perlucidior
848 2467 939 2531 vitro.

478 2768 574 2831 ODE
598 2769 702 2834 XIX.
748 2776 802 2851 (at.
820 2778 889 2854 xv.)

565 2920 610 2962 DE
634 2922 806 2966 GLYCEBA.

192 3039 327 3115 Marna
343 3058 425 3100 saeva
441 3035 645 3119 Cupidinum,

235 3138 458 3221 Thebanaeque
468 3136 559 3222 jubet
574 3158 623 3202 me
638 3138 774 3202 Semeles
788 3159 875 3221 puer,

193 3238 238 3303 Et
252 3239 368 3303 lasciva
384 3238 539 3313 Licentia,

117 3365 124 3377 ·
235 3339 351 3403 Finitis
366 3340 501 3403 animum
516 3342 644 3406 reddere
659 3342 823 3407 amoribus.

192 3441 268 3506 Urit
283 3463 332 3505 me
347 3443 493 3525 Glycerae
508 3443 590 3507 nitor

238 3543 436 3627 Splendentis
449 3545 542 3609 Pario
557 3566 707 3610 marmore
723 3546 851 3629 purius:

196 3644 271 3710 Urit
285 3658 374 3730 grata
388 3646 583 3729 protervitas,

237 3746 282 3808 Et
294 3744 400 3809 vultus
414 3744 543 3810 nimium
559 3747 696 3811 lubricus
712 3747 817 3832 aspici.

196 3848 236 3911 In
252 3868 301 3910 me
316 3860 381 3911 tota
394 3869 487 3911 ruens
503 3850 608 3913 Venus

238 3949 378 4032 Cyprum
394 3949 549 4025 deseruit;
573 3973 630 4016 nec
645 3952 762 4037 patitur
775 3953 907 4037 Scythas

194 4051 240 4113 Et
255 4049 351 4113 versis
366 4049 537 4114 aalmosum
552 4053 639 4139 cquis

239 4149 391 4215 Parthum
407 4151 520 4231 dicere,
536 4175 593 4219 nec
607 4178 677 4240 quae
692 4155 772 4219 nihil
787 4154 928 4219 attinent.

196 4253 262 4318 Hic
276 4253 381 4319 vivum
397 4254 475 4319 mihi
490 4256 648 4340 cespitem,
663 4254 715 4320 hic
