2872 5010
318 463 381 529 192
640 484 670 529 a.
697 481 843 526 nonarrr
871 481 994 527 reaccr

316 633 349 720 ff]
367 632 400 696 Si
416 632 579 716 pranderet
595 631 662 693 olus
677 633 841 715 patienter,
857 631 980 714 regibus
1002 630 1049 694 uti
1097 638 1101 644 ’

316 739 345 800 N
350 737 424 800 ollct
436 735 623 819 Aristippus.
668 736 703 820 §l
719 735 752 799 Si
769 734 859 798 sciret
870 735 994 817 regibus
1009 733 1068 810 uti,

315 839 485 902 Fastidirct
500 838 579 913 olus,
599 837 652 921 qui
668 859 716 900 me
731 851 827 900 notat.
874 836 1154 908 ilUtriushorum
1279 845 1325 907 15

313 941 414 1003 l'erba
426 941 535 1022 probes
551 954 581 1001 ct
596 939 689 1015 facta,
702 939 799 1010 doce;
825 938 876 1001 vel
894 938 1001 1021 junior
1015 938 1100 1014 audi,

312 1044 379 1105 Cur
391 1043 430 1103 sit
446 1040 597 1122 Aristippi
613 1040 714 1122 potior
729 1040 902 1102 sententia:
928 1061 1061 1125 namque

312 1144 492 1208 Mordacern
508 1141 660 1225 Cynicum
675 1142 719 1203 sic
735 1141 889 1217 eludebat,
907 1156 942 1204 ut
958 1142 1065 1224 ajunt:

312 1246 339 1316 ll
355 1244 484 1307 Scurror
500 1266 556 1326 ego
572 1243 637 1325 ipsc
654 1242 742 1318 mihi,
760 1243 875 1327 populo
894 1256 948 1305 tu:
974 1243 1087 1307 rectius
1102 1243 1162 1306 hoc
1177 1259 1210 1307 et

312 1345 512 1429 Splendidius
524 1345 623 1407 multo
634 1360 690 1408 est.
722 1348 833 1431 Equus
845 1358 881 1409 ut
893 1368 941 1408 me
952 1357 1065 1430 portet,
1077 1344 1219 1423 elstret,
1266 1351 1311 1412 20

310 1447 454 1511 Officium
472 1447 571 1510 facio:
597 1460 632 1509 tu
647 1448 747 1531 poscis
764 1448 837 1511 vilia
856 1470 958 1511 rerum

309 1549 415 1611 Dante
431 1551 541 1624 minor,
557 1549 698 1632 quamvis
713 1550 775 1612 fers
791 1563 820 1612 te
832 1548 948 1611 nullius
964 1560 1162 1632 egentem.—

307 1650 419 1713 Omnis
435 1651 632 1735 Aristippum
649 1651 754 1714 decuit
772 1651 864 1726 color,
882 1663 913 1714 et
927 1663 1035 1724 status,
1052 1665 1083 1713 et
1096 1672 1145 1714 ree

308 1755 498 1816 Tentantem
516 1755 642 1837 majora,
655 1755 718 1816 fere
734 1753 938 1837 praesentibus
953 1773 1088 1835 aequum.

308 1856 436 1930 Contra,
453 1877 542 1939 quem
560 1855 677 1938 duplici
694 1877 798 1937 panno
814 1855 963 1938 patientia
977 1854 1071 1929 velat,
1257 1859 1304 1922 25

309 1957 461 2031 Mirabor,
478 1956 551 2017 vitae
567 1957 617 2017 via
629 1956 653 2016 si
666 1977 812 2017 conversa
827 1955 958 2017 decebit.

306 2057 399 2120 Alter
413 2078 603 2141 purpureum
620 2077 682 2116 non
698 2056 888 2137 exspectabit
904 2056 1064 2134 amictum,

307 2160 469 2237 Quidlibet
480 2159 609 2222 indutus
625 2157 820 2220 celeberrima
835 2179 890 2240 per
906 2156 973 2221 loca
985 2158 1089 2235 vadet,

306 2265 537 2347 Personamquc
552 2262 629 2324 feret
644 2281 705 2322 non
723 2259 923 2321 inconcinnus
938 2272 1123 2343 utramque:

305 2365 398 2427 Alter
414 2364 519 2427 Mileti
537 2378 655 2427 textam
669 2384 743 2425 canc
759 2362 846 2444 pejus
868 2376 900 2423 et
915 2382 1016 2444 angue
1253 2366 1300 2428 30

304 2467 424 2529 Vitabit
436 2466 651 2549 chlamydem
678 2464 824 2526 morietur
839 2462 961 2546 frigore,
979 2462 1004 2524 si
1020 2484 1080 2524 non

304 2566 462 2630 Retuleris
477 2588 631 2650 pannum:
657 2566 746 2641 refer,
759 2580 789 2627 et
802 2564 867 2627 sine
883 2564 968 2627 vivat
984 2564 1118 2647 ineptuS,

302 2670 366 2730 Res
386 2689 491 2749 gerere
506 2683 536 2729 et
553 2681 658 2750 captos
674 2668 835 2729 ostendere
850 2666 969 2729 civibus
984 2667 1098 2743 hostes,

301 2768 444 2850 Attingit
460 2768 569 2829 solium
583 2771 606 2828 J
608 2769 685 2843 ovis,
700 2782 730 2831 et
746 2768 883 2831 coelcstia
899 2783 1017 2831 tentat:

300 2869 496 2953 Principibus
512 2869 666 2950 placuisse
681 2869 766 2943 viris,
780 2892 840 2931 non
857 2871 967 2933 ultima
981 2871 1048 2934 laus
1063 2884 1119 2934 est.
1248 2877 1294 2938 35

301 2976 372 3038 Non
386 2972 484 3037 cuivis
499 2971 617 3033 homini
633 2970 785 3052 contingit
798 2971 882 3033 adire
900 2972 1096 3036 Corinthum.

301 3079 389 3143 Sedit
404 3077 457 3163 qui
473 3076 576 3139 timuit
593 3097 631 3138 ne
645 3096 707 3136 non
724 3074 920 3137 succederet:
946 3089 1032 3138 esto:

234 3242 236 3247 .
299 3181 395 3259 Quid,
411 3179 464 3264 qui
476 3178 628 3262 pervenit,
644 3177 757 3240 fecitne
772 3176 926 3239 viriliter?
951 3177 1052 3261 Atqui

297 3282 363 3344 Hic
379 3295 436 3355 est,
453 3294 507 3342 aut
522 3301 685 3361 nusquam,
704 3280 787 3360 quod
802 3278 988 3361 quaerimus:
1012 3278 1064 3343 hic
1080 3301 1156 3342 onus
1170 3277 1288 3356 horret,

296 3381 345 3444 Ut
359 3380 462 3464 parvis
477 3377 586 3441 animis
602 3390 633 3438 et
648 3398 744 3458 parvo
756 3400 882 3460 corpore
897 3381 1016 3463 majus;
1246 3385 1290 3446 40

296 3480 361 3543 Hic
376 3479 470 3556 subit,
487 3493 518 3541 ct
538 3477 663 3561 perfert.
710 3481 779 3540 Aut
795 3479 893 3543 virtus
909 3504 1020 3545 nornen
1036 3482 1127 3547 inane
1142 3495 1200 3559 est,

294 3583 361 3644 Aut
375 3582 469 3644 decus
485 3589 515 3644 bt
530 3580 664 3665 pretinm
680 3595 762 3646 recte
777 3582 856 3665 petit
872 3583 1030 3667 experiens
1046 3584 1103 3646 vir.

296 3685 407 3746 Coram
424 3704 495 3764 rege
507 3706 562 3746 sua
577 3683 615 3746 dc
630 3699 813 3768 paupertate
829 3699 963 3749 tacentes

294 3784 370 3846 Plus
386 3797 531 3864 poscente
545 3785 661 3847 ferent:
687 3787 793 3864 distat,
811 3811 954 3852 sumasne
968 3787 1131 3871 pudenter,

294 3888 348 3949 An
363 3884 484 3965 rapias:
510 3884 595 3964 atqui
610 3907 712 3947 rerum
729 3903 822 3971 caput
838 3889 897 3951 hoc
913 3904 988 3965 erat,
1004 3889 1056 3951 hic
1071 3888 1149 3951 fons.
1244 3892 1286 3954 45

293 3991 315 4020 “
328 3986 472 4050 lndotata
488 3983 564 4046 mihi
580 4006 664 4045 soror
679 3999 737 4060 est,
754 3987 941 4068 paupercula
960 4004 1068 4066 mater,

292 4091 369 4151 “Et
384 4089 500 4151 fundus
515 4108 571 4149 nec
588 4085 764 4162 vendibilis,
781 4108 837 4149 nec
853 4108 977 4169 pascere
992 4090 1130 4167 firmus‚''

290 4189 352 4264 Qui
365 4189 451 4265 dicit,
468 4189 590 4263 clamat,
612 4185 771 4250 “Victum
788 4187 898 4251 datc'':
916 4190 1048 4255 succinit
1064 4192 1153 4269 alter,
