2872 5010
428 426 472 468 nr.
496 424 589 469 aurs
614 422 771 476 rosrrcs,
800 423 847 465 su
872 421 1021 467 vrsouss.
1152 406 1218 470 243

221 575 318 642 Silvis
332 573 458 640 deducti
473 585 612 648 caveant,
624 594 674 637 me
684 573 803 656 judice,
824 574 938 651 Fauni,

220 679 283 754 Ne,
299 675 386 740 velut
401 674 499 740 innati
515 674 616 738 triviis
629 696 666 738 ac
680 695 759 759 pene
774 675 920 752 forenses,
1150 678 1215 741 245

219 781 291 843 Aut
304 778 435 842 nimium
451 778 564 842 teneris
573 778 765 860 juvenentur
775 779 914 842 versibus
928 799 1082 861 unquam;

217 882 289 945 Aut
301 880 462 945 immunda
475 891 601 963 crepent
616 878 883 962 ignominiosaque
897 878 994 942 dicta:

217 981 432 1047 Offenduntur
446 981 529 1044 enim
545 979 657 1066 quibus
668 993 715 1044 est
728 1002 836 1065 equus,
852 994 883 1044 et
898 992 996 1064 pater,
1012 992 1044 1044 et
1058 1001 1125 1054 res3

215 1084 297 1162 Nee,
312 1082 414 1168 siquid
428 1081 512 1146 fricti
527 1080 634 1145 ciceris
648 1083 769 1165 probat,
786 1095 818 1146 et
833 1082 922 1146 nucis
937 1095 1044 1160 emtor,

216 1182 335 1270 AEquis
349 1183 507 1268 accipiunt
522 1183 644 1258 animis,
660 1184 817 1247 donantve
831 1206 953 1249 corona.
1148 1185 1213 1248 250

218 1286 344 1371 Syllaba
358 1285 451 1368 longa
465 1283 552 1349 brevi
574 1284 713 1367 subjecta
729 1297 857 1348 vocatur
874 1286 1003 1350 Iambus
1015 1311 1024 1359 ;

218 1388 280 1451 Pes
292 1387 391 1460 citus;
415 1386 499 1449 unde
511 1385 605 1448 etiam
622 1385 768 1448 trimetris
783 1408 954 1451 accrescere
964 1388 1063 1473 jussit
1161 1436 1164 1442 -

219 1489 343 1552 Nomen
358 1487 505 1565 Iambeis,
521 1508 591 1550 cum
608 1507 696 1549 senos
711 1486 854 1551 redderet
869 1488 961 1565 ictus,

220 1589 345 1653 Primus
360 1589 401 1652 ad
416 1601 586 1652 extremum
603 1586 711 1651 similis
727 1586 804 1649 sibi:
829 1599 890 1650 non
906 1588 951 1653 ita
966 1588 1097 1672 pridem,

218 1689 352 1754 Tardior
365 1702 401 1754 ut
415 1690 509 1774 paulo
523 1690 706 1773 graviorque
721 1689 839 1752 veniret
855 1691 894 1753 ad
909 1712 1008 1767 aures,
1032 1753 1036 1761 ,
1148 1691 1212 1754 ‘255

221 1793 380 1876 Spondeos
391 1792 516 1857 stabiles
531 1792 563 1854 in
573 1792 647 1876 jura
662 1805 789 1875 patema
804 1792 920 1876 recepit

219 1892 410 1959 Commodus
424 1909 456 1959 et
470 1895 589 1979 patiens
601 1919 610 1968 3
634 1916 695 1957 non
713 1906 748 1957 ut
762 1895 801 1958 de
816 1895 888 1958 sede
902 1896 1038 1960 secunda

220 1996 354 2060 Cederet
365 2010 419 2061 aut
434 2010 544 2082 quarta
559 1996 731 2061 socialiter:
756 1995 850 2059 hicet
865 1997 898 2059 in
914 1997 991 2061 Acci

220 2097 386 2162 Nobilibus
403 2098 569 2162 Trimetris
582 2112 709 2181 apparet
723 2121 820 2175 rarus,
836 2112 868 2163 ct
883 2100 982 2164 Enni.

222 2200 262 2263 In
278 2221 400 2265 scenam
415 2201 524 2264 missos
537 2221 649 2281 magno
665 2220 733 2262 cum
749 2201 886 2282 pondere
901 2223 1018 2281 vorsus,
1147 2201 1212 2266 260

219 2302 291 2364 Aut
305 2323 406 2386 operae
417 2300 524 2365 celeris
538 2299 668 2363 nimium
684 2321 816 2384 curaque
830 2302 974 2380 carentis,

220 2402 286 2465 Aut
300 2402 450 2486 ignoratae
463 2401 576 2486 premit
591 2401 665 2465 artis
679 2401 806 2466 crimine
819 2403 909 2486 turpi.
996 2462 1006 2476 ,

220 2503 296 2566 Non
310 2503 413 2589 quivis
423 2504 510 2568 videt
525 2502 727 2567 immodulata
741 2515 885 2588 po'cmats
894 2505 1014 2590 judex3

221 2605 268 2669 Et
290 2605 364 2671 data
379 2604 530 2670 Romanis
544 2604 633 2668 venia
648 2618 694 2668 est
709 2605 838 2689 indigna
855 2606 965 2690 poesis.

222 2706 385 2773 Idcircoue
398 2730 503 2792 vager,
520 2707 710 2791 scribamque
726 2708 876 2772 licenter?
900 2710 949 2773 Ut
963 2731 1068 2774 omnes
1146 2708 1209 2774 265

225 2807 355 2872 Visuros
369 2824 494 2892 peccata
508 2824 614 2892 putem
629 2831 708 2885 mea,
726 2823 822 2887 tutus,
839 2824 870 2874 et
881 2811 964 2876 intra

222 2913 316 2995 Spem
331 2912 430 2976 veuiae
445 2927 568 2987 cautus3
592 2912 689 2976 vitavi
700 2913 834 2997 denique
847 2915 982 3000 culpam,

220 3014 294 3076 Non
307 3013 429 3078 laudem
447 3015 555 3079 merui.
600 3017 664 3079 Vos
680 3017 866 3100 exemplaria
883 3020 994 3082 Graeca

220 3115 383 3180 Nocturna
397 3131 516 3181 versate
531 3138 635 3191 manu,
652 3131 773 3181 versate
788 3118 908 3182 diurna.

218 3218 267 3280 At
282 3220 376 3280 vestri
391 3219 498 3300 proavi
514 3218 675 3282 Plautinos
691 3233 722 3282 ct
737 3241 890 3295 numeros,
906 3233 938 3283 et
1145 3217 1210 3303 270

219 3319 404 3382 Laudaverc
417 3318 515 3392 sales;
540 3318 668 3382 nimium
686 3321 837 3403 patienter
852 3335 1027 3405 utrumque,

217 3421 269 3484 Ne
286 3421 386 3484 dicam
403 3420 508 3499 stulte,
523 3421 643 3496 mirati3
667 3423 692 3485 si
707 3425 797 3486 modo
813 3447 870 3507 ego
885 3439 916 3491 ct
931 3448 985 3489 vos

220 3521 341 3585 Scimus
355 3521 538 3589 inurbanum
555 3525 659 3607 lepido
675 3547 820 3607 seponere
835 3526 930 3603 dicto,

219 3624 473 3709 Legitimumque
488 3647 597 3688 sonum
613 3625 720 3708 digitis
735 3627 882 3690 callemus
896 3642 927 3690 et
942 3649 1024 3691 aure.

220 3726 368 3808 Ignotum
385 3726 512 3810 tragice)
527 3747 626 3808 genus
641 3726 795 3792 invenisse
811 3727 971 3792 Camoenae
1144 3731 1208 3811 275

218 3828 355 3905 Dicitur,
372 3840 403 3891 et
417 3826 562 3912 plaustris
578 3829 696 3893 vexisse
712 3841 854 3913 po'c'mata
870 3831 1018 3915 Thespis,

219 3929 298 4005 Quae
313 3942 457 3993 canerent
472 3944 659 4015 agerentque
674 3933 815 4016 peruncti
830 3933 957 3997 faecibus
970 3957 1031 3998 ora.

220 4031 296 4093 Post
312 4029 396 4093 hunc
410 4052 560 4116 personae,
576 4033 730 4117 pallaeque
746 4048 882 4119 repertor
897 4035 1035 4099 honestae

220 4131 401 4214 AEsebylus,
417 4146 447 4197 et
463 4135 591 4199 modicis
607 4135 750 4200 instravit
765 4137 885 4219 pulpita
901 4136 1007 4218 tignis,

1021 4242 1084 4301 u2
