2872 5010
459 529 649 575 canumuu
672 527 737 573 ma.
762 531 786 573 ι.
808 512 861 572 22.
946 581 950 591 ,

256 680 476 765 Insignemque
487 679 633 764 pharetra

298 785 511 867 Fraternaque
525 782 689 847 humerum
704 781 781 866 lyra.

213 884 279 949 Hic
292 884 408 948 bellum
420 883 638 968 lacrymosum,
653 884 707 948 hic
717 883 860 948 miseram
874 883 987 947 famem

213 988 398 1070 Pestemque
413 1006 431 1049 a
445 985 561 1070 populo
576 998 608 1050 et
622 985 761 1070 principe
776 984 900 1050 Caesare
915 984 947 1048 in

256 1090 366 1152 Persas
377 1076 472 1172 'atque
489 1089 655 1152 Britannos

295 1191 407 1254 Vestra
421 1203 522 1254 motus
536 1203 607 1274 aget
621 1212 720 1274 prece.

417 1525 514 1587 ODE
539 1523 664 1587 XXII.
714 1520 767 1595 (m.
791 1525 907 1604 xvrrr.)

464 1697 509 1736 Al)
534 1695 701 1736 salsurus(
727 1693 871 1737 FUSCUM·

212 1831 376 1893 Iusnoua
391 1827 465 1890 vitae
479 1825 662 1910 scelerisque
677 1847 773 1909 purus

212 1931 286 1994 Non
301 1942 371 2014 eget
387 1928 494 1992 Mauri
502 1927 616 2013 jaculis
630 1950 729 2014 neque
744 1912 817 1993 arcu

212 2032 281 2096 Nec
295 2030 457 2095 venenatis
471 2030 600 2116 gravida
615 2028 749 2116 sagittis,

296 2134 410 2211 Fusce,
421 2131 585 2216 pharetra3

211 2236 284 2299 Sive
298 2255 354 2319 per
369 2236 477 2318 Syrtes
488 2234 546 2298 iter
561 2244 720 2310 aestuosas,

212 2339 286 2404 Sive
299 2338 437 2402 facturus
452 2356 507 2419 per
522 2332 740 2418 inhospitalem

172 2448 180 2460 ¹
212 2441 398 2514 Caucasum,
410 2435 461 2499 vel
474 2458 545 2520 quae
558 2435 627 2500 loca
640 2434 799 2527 fabulosus

296 2538 427 2604 Lambit
442 2537 620 2622 Hydaspes.

212 2643 356 2725 Namque
370 2661 420 2704 me
433 2638 512 2704 silva
525 2639 618 2724 lupus
632 2637 666 2702 in
682 2638 808 2718 Sabina,

212 2747 298 2809 Dum
312 2763 410 2806 meam
420 2755 511 2806 canto
523 2740 675 2825 Lalagen,
691 2753 722 2805 et
736 2740 819 2808 ultra
929 2734 940 2815 ,’

212 2844 396 2910 'ferminum
412 2843 493 2908 curis
508 2865 604 2927 vagor
617 2842 791 2927 expeditus,

230 2960 234 2968 ’
296 2946 395 3031 Fugit
407 2945 576 3014 inermem:

212 3049 311 3127 Quale
325 3060 500 3133 portentum
516 3069 617 3132 neque
630 3046 774 3111 militaris

211 3149 353 3214 Daunias
366 3148 438 3214 latis
452 3149 509 3214 alit
523 3148 679 3225 esculetis,

210 3253 279 3316 Neo
293 3252 315 3314 J
318 3251 388 3317 ubae
403 3251 496 3315 tellus
509 3263 648 3335 generat,
663 3250 788 3316 leonum

298 3351 400 3416 Arida
413 3351 529 3416 nutrix.

211 3455 299 3518 Pone
313 3474 363 3518 me
377 3452 474 3539 pigris
488 3453 541 3520 ubi
556 3454 643 3520 nulla
657 3455 773 3540 campis

210 3556 311 3620 Arbor
321 3555 429 3620 aestiva
443 3571 597 3622 recreatur
610 3579 696 3635 aura,

211 3658 304 3736 Quod
317 3657 400 3721 latus
414 3656 525 3721 mundi
538 3658 660 3737 nebulae
674 3657 834 3742 malusque

296 3758 424 3844 Jupiter
437 3771 551 3843 urguet
558 3779 568 3832 ;

208 3860 295 3923 Pone
310 3859 368 3923 sub
384 3880 478 3923 curru
491 3857 623 3922 nimium
638 3858 803 3944 propinqui

211 3955 304 4035 Solis,
316 3957 348 4020 in
364 3969 445 4021 terra
460 3955 602 4022 domibus
617 3970 750 4043 negata3

210 4058 314 4123 Dulce
328 4058 480 4124 ridentem
495 4060 636 4146 Lalagen
652 4062 772 4139 amabo,

298 4161 401 4226 Dulce
414 4161 601 4246 loquentem.

1095 509 1161 572 roa
1225 494 1228 502 “
