2872 5010
487 494 677 535 srauuouuu
704 494 770 535 uru.
796 496 834 536 rr.
861 478 888 538 l.

183 643 322 726 Pugnis:
347 657 422 728 quot
437 643 572 727 capitum
591 644 713 722 vivunt,
730 645 857 708 totidem
876 647 1047 710 studiorum

182 743 307 808 Millia:
332 766 381 807 me
396 745 527 828 pedibus
542 745 676 810 delectat
690 746 834 811 claudere
846 749 949 823 verba,

183 849 288 912 Lucili
303 849 376 925 ritu,
392 861 529 911 nostrum
547 848 681 912 melioris
692 862 830 934 utroque.

184 951 243 1013 Ille
259 951 346 1013 velut
360 950 430 1014 fidis
445 973 556 1015 arcana
572 949 729 1014 sodalibus
744 951 817 1013 olim
1132 954 1177 1015 30

181 1053 336 1116 Credebat
351 1052 458 1125 libris;
483 1075 593 1138 neque,
609 1052 634 1115 si
648 1053 727 1115 male
741 1066 885 1126 cesserat,
903 1074 1032 1138 usquam

182 1154 358 1227 Decurrens
373 1154 445 1230 alio,
462 1176 561 1240 neque
579 1155 603 1217 si
620 1155 720 1217 bene:
744 1177 807 1238 quo
822 1154 858 1216 lit
878 1167 913 1216 ut
927 1157 1026 1218 omnis

183 1256 294 1319 Votiva
309 1269 413 1339 pateat
428 1256 523 1319 veluti
540 1256 694 1339 descripta
710 1256 823 1321 tabella

182 1352 254 1416 Vita
269 1352 358 1416 senis.
406 1355 525 1438 Sequor
538 1353 633 1430 hunc,
650 1355 797 1417 Lucanus
812 1375 850 1417 an
867 1355 1023 1439 Appulus,
1039 1378 1171 1440 anceps:

182 1455 262 1518 Nam
280 1455 456 1518 Venusinus
471 1469 537 1519 arat
552 1456 642 1518 linem
660 1456 718 1518 sub
732 1468 898 1538 utrumque
912 1457 1049 1535 colonus,
1130 1460 1172 1522 35

166 1557 298 1636 ,Missus
313 1558 423 1622 adhoc
435 1557 533 1641 pulsis
550 1554 654 1633 (vetus
666 1570 713 1619 est
729 1571 764 1619 ut
773 1557 870 1638 fama)
888 1556 1042 1633 Sabellis;

179 1661 250 1737 Quo
264 1682 304 1723 nc
319 1682 374 1744 per
389 1680 520 1722 vacuum
538 1660 684 1721 Romano
698 1659 868 1721 incurreret
882 1658 999 1722 hostis:

180 1761 254 1824 Sive
269 1763 352 1845 quod
367 1760 493 1844 Appula
507 1782 594 1844 gens,
611 1781 666 1822 seu
680 1760 763 1843 quod
780 1760 922 1826 Lucania
937 1761 1052 1824 bellum

180 1863 341 1927 Incuteret
354 1863 499 1926 violenta.
545 1863 608 1926 Sed
623 1861 674 1925 bic
689 1861 778 1925 stilus
792 1861 877 1926 haud
892 1876 978 1946 petet
992 1864 1075 1928 ultro

177 1969 371 2052 Quemquam
387 1966 596 2039 animantem3
621 1979 652 2029 et
667 1987 716 2029 me
732 1964 829 2028 veluti
845 1965 1000 2029 custodiet
1016 1967 1098 2030 ensis
1132 1968 1175 2030 40

180 2069 300 2152 Vagina
316 2081 426 2144 tectus,
438 2090 528 2152 quem
545 2091 600 2131 cur
614 2067 805 2152 destringere
820 2090 922 2146 coner,

180 2172 285 2234 Tutus
300 2169 340 2232 ab
354 2169 475 2234 infestis
489 2169 684 2234 latronibus?
731 2171 759 2234 Ο
775 2184 864 2253 pater
879 2185 911 2234 et
924 2193 979 2234 rex

176 2273 315 2357 Jupiter,
331 2286 366 2335 ut
380 2285 486 2354 pereat
500 2272 635 2355 positum
652 2270 796 2354 rubigine
812 2270 920 2348 telum,

178 2377 246 2437 Nec
261 2373 421 2458 quisquam
438 2386 546 2436 noceat
564 2372 678 2455 cupido
693 2371 770 2434 mihi
785 2372 892 2455 pacis!
917 2386 950 2435 at
965 2373 1028 2450 ille,

177 2476 242 2554 Qui
257 2495 306 2537 me
321 2472 483 2536 commdrit
499 2469 635 2548 (Melius
650 2494 712 2535 non
733 2479 881 2557 tangere!
905 2475 1019 2556 clamo)
1098 2462 1102 2470 ⁸
1133 2479 1175 2540 45

178 2578 295 2652 Flebit,
311 2590 343 2640 et
357 2574 487 2659 insignis
503 2588 568 2639 tota
583 2573 758 2639 cantabitur
772 2575 857 2638 urbe.

178 2679 310 2745 Cervius
322 2679 418 2741 iratus
433 2677 518 2761 leges
533 2676 695 2742 minitatur
715 2691 745 2740 et
761 2698 891 2750 urnam;

177 2782 322 2859 Canidia,
339 2781 462 2851 Albuti,
477 2780 589 2863 quibus
605 2793 650 2842 est
665 2778 802 2856 inimica,
819 2800 994 2851 venenum

176 2884 306 2950 Grande
320 2882 435 2945 malum
452 2881 582 2957 Turius,
599 2881 702 2965 siquid
718 2902 750 2943 se
763 2880 872 2963 judice
886 2896 994 2946 certes

177 2990 235 3066 Ut,
250 3009 311 3072 quo
326 2985 455 3069 quisque
470 2983 563 3060 valet,
580 2992 737 3067 suspectos
752 2996 875 3060 terreat,
892 2998 987 3070 utque
1122 2989 1166 3048 50

178 3092 314 3175 Imperet
328 3087 388 3150 boc
403 3100 513 3150 natura
527 3100 648 3169 potenS,
665 3085 708 3147 sic
724 3083 835 3168 collige
851 3107 981 3150 mecum.

176 3196 280 3257 Dente
294 3192 398 3274 lupus,
414 3212 509 3253 cornu
525 3205 630 3252 taurus
644 3186 744 3270 petit3
770 3186 864 3263 unde,
880 3187 939 3249 nisi
954 3187 1038 3250 intus

177 3295 411 3359 Monstratum?
436 3292 552 3354 Scoevae
568 3277 704 3352 vivacem
721 3288 811 3352 crede
825 3290 930 3373 nepoti

177 3398 333 3460 Matrem:
357 3394 402 3457 nil
417 3392 510 3456 faciet
525 3391 646 3456 sceleris
661 3391 713 3474 pia
727 3391 853 3455 dextera
869 3391 991 3470 (mirum
1006 3417 1013 3454 ε

175 3500 223 3561 Ut
233 3518 332 3582 neque
343 3495 425 3558 calce
436 3495 529 3579 lupus
537 3515 733 3578 quemquam,
746 3515 846 3577 neque
855 3494 947 3557 dente
956 3494 1035 3576 petit
1045 3493 1110 3571 bos)
1123 3497 1166 3556 55

176 3601 238 3666 Sed
253 3598 334 3663 mala
350 3597 437 3661 tollet
451 3619 543 3661 anum
560 3596 671 3659 vitiato
686 3595 777 3658 melle
795 3596 905 3659 cicuta.

175 3708 226 3771 Ne
240 3705 366 3787 longum
378 3701 506 3765 faciam:
532 3721 586 3763 seu
601 3720 650 3763 me
667 3699 836 3783 tranquilla
851 3711 993 3763 senectus

174 3808 357 3890 Exspectat,
373 3824 426 3866 seu
441 3824 522 3865 mors
537 3802 612 3866 atris
634 3801 835 3866 circumvolat
849 3803 927 3874 alis;

174 3907 284 3983 Dives,
300 3906 400 3989 inops,
417 3907 540 3980 Romae,
556 3926 610 3967 seu
625 3903 688 3966 fors
703 3903 747 3969 ita
756 3905 887 3988 jusserit
898 3904 997 3983 exsul,

173 4007 322 4092 Quisquis
337 4006 395 4070 erit
409 4006 495 4082 vitae,
512 4007 653 4083 scribam,
670 4007 762 4070 color.
808 4008 882 4079 llO
904 4030 993 4092 puer,
1009 4019 1044 4070 ut
1059 4007 1101 4069 sis
1124 4005 1168 4070 60

173 4110 297 4186 Vitalis,
310 4122 414 4173 metuo
426 4135 436 4183 3
460 4122 491 4172 et
505 4109 654 4193 majorum
668 4131 707 4172 ne
721 4111 791 4195 quis
806 4110 922 4175 amicus

173 4213 300 4296 Frigore
316 4225 347 4274 te
361 4211 461 4274 feriat
507 4212 535 4283 il
550 4212 660 4288 Quid?
684 4235 752 4276 cum
770 4228 816 4276 est
834 4211 976 4276 Lucilius
992 4232 1085 4274 ausus

1011 4335 1034 4386 D
