2872 5010
284 447 327 513 56
610 471 640 517 e·
665 471 810 515 uorrsrrr
837 472 960 516 rusccr

286 622 428 686 Solicitas
443 623 569 705 ignarus
583 641 668 705 opes,
684 621 728 685 sic
743 621 862 705 incipit.
909 623 937 693 il
951 622 1036 687 Olim

285 725 434 789 Rusticus
449 725 600 788 urbanum
615 745 733 788 murem
749 746 818 788 mus
832 746 968 809 paupere
982 725 1080 791 fertur
1236 738 1285 799 80

284 829 448 914 Accepisse
459 850 545 903 cavo,
562 842 694 890 veterem
711 841 800 891 vetus
814 827 926 910 hospes
941 827 1093 903 amicum;

284 931 394 1013 Asper,
409 944 440 993 et
454 943 591 994 attentus
602 929 751 1013 quaesitis,
768 944 803 992 ut
819 944 919 992 tamen
932 946 1051 995 arctum

285 1030 424 1095 Solveret
438 1031 581 1114 hospitiis
595 1030 741 1093 animum.
788 1032 873 1109 Quid
889 1033 1006 1098 multa?
1030 1056 1129 1119 neque
1143 1037 1197 1101 ille

285 1132 417 1216 Sepositi
434 1133 549 1207 ciceris,
563 1154 618 1195 nec
634 1132 734 1216 longae
750 1135 862 1196 invidit
878 1156 1001 1200 avenre:

284 1236 414 1299 Aridum
431 1249 462 1299 et
477 1235 642 1298 preferens
658 1236 791 1309 acinum,
808 1259 984 1322 semesaque
994 1239 1073 1302 lardi
1233 1247 1279 1307 85

286 1339 400 1402 Frusta
414 1336 512 1414 dedit,
525 1337 652 1420 cupiens
668 1337 752 1399 varia
766 1338 893 1402 fastidia
908 1361 995 1402 eoena

285 1442 416 1505 Vincere
430 1441 586 1523 tangentis
602 1440 681 1502 male
697 1440 819 1522 singula
835 1441 928 1504 dente
942 1443 1085 1526 superbo:

284 1545 365 1608 Cum
382 1556 469 1626 pater
483 1542 550 1626 ipse
565 1543 674 1606 domus
691 1543 778 1623 palca
794 1557 950 1625 porrectus
968 1545 997 1607 in
1014 1544 1111 1610 horna

283 1647 379 1710 Esset
393 1646 468 1709 ador
482 1645 664 1728 loliumque,
681 1645 770 1727 dapis
784 1644 910 1707 meliora
925 1644 1112 1730 relinquens.

284 1748 429 1812 Tandem
439 1749 575 1811 urbanus
586 1748 626 1810 ad
636 1747 731 1824 hunc,
744 1747 828 1824 Quid
837 1761 868 1809 te
872 1747 976 1829 juvat,
989 1748 1102 1832 inquit,
1112 1751 1220 1827 amice,
1231 1754 1278 1821 90

284 1849 441 1932 Praerupti
457 1848 589 1912 nemoris
603 1849 770 1932 patientem
787 1848 889 1911 vivere
904 1849 1017 1911 dorso?

285 1949 341 2013 Vis
355 1963 390 2013 tu
405 1950 544 2013 homines
558 1950 725 2032 urbemque
745 1948 817 2011 feris
834 1969 1014 2033 praeponerc
1025 1951 1131 2015 silvis?

284 2053 386 2134 Carpe
401 2050 481 2114 viam
500 2048 707 2130 (mihicrede)
725 2071 837 2124 comes,
855 2051 1011 2115 terrestria
1023 2053 1147 2137 quando

283 2152 436 2218 Mortales
451 2151 568 2216 animas
584 2150 693 2214 vivunt
709 2150 827 2228 sortita,
840 2173 941 2237 neque
956 2153 1022 2217 ulla
1032 2170 1078 2218 est

283 2258 354 2319 Ant
369 2277 482 2341 magno
497 2269 551 2320 aut
566 2277 661 2340 parvo
675 2254 728 2319 leti
745 2255 836 2339 suga:
860 2278 931 2340 quo,
941 2257 1031 2333 bone,
1042 2257 1133 2334 cirea,
1230 2261 1275 2327 95

284 2359 371 2422 Dum
387 2359 471 2438 licet,
486 2360 519 2422 in
537 2361 628 2424 rebus
639 2359 788 2443 jucundis
802 2360 873 2424 vive
889 2361 1010 2424 beatus:

285 2462 364 2526 Vive
375 2483 491 2526 memor
505 2484 596 2547 quam
614 2462 655 2525 sis
671 2461 729 2524 aevi
745 2462 858 2527 brevis.
902 2463 983 2526 Haec
995 2463 1050 2526 ubi
1065 2463 1148 2528 dieta

283 2565 449 2646 Agrestem
462 2564 620 2648 pepulere,
635 2565 727 2628 domo
741 2562 819 2628 levis
834 2564 951 2628 exsilit:
974 2564 1048 2630 inde

282 2663 382 2727 Ambo
397 2664 587 2749 propositum
602 2678 755 2749 peragunt
770 2665 839 2741 iter,
855 2665 939 2729 urbis
955 2681 1081 2730 aventes

283 2762 407 2827 Moenia
421 2765 565 2828 nocturni
579 2766 752 2848 subrepere.
797 2766 933 2848 Jamque
943 2766 1067 2829 tenebat
1213 2773 1277 2834 100

282 2864 355 2928 Nox
371 2864 505 2928 medium
521 2865 592 2928 coeli
608 2864 753 2946 spatium,
769 2885 839 2927 cum
855 2863 944 2946 ponit
958 2877 1087 2948 uterquc

284 2967 323 3030 In
339 2965 492 3050 locuplete
506 2966 598 3029 domo
613 2963 762 3047 vestigia3
787 2963 878 3026 rubro
889 2963 943 3027 ubi
957 2984 1049 3027 cocco

284 3069 402 3134 Tincta
416 3089 508 3155 super
518 3069 613 3134 lectos
628 3065 773 3132 canderet
783 3063 877 3128 vestis
892 3065 1035 3141 eburnos,

284 3171 451 3258 Multaque
460 3171 500 3237 de
514 3191 626 3255 magna
641 3177 835 3251 superessent
848 3165 964 3232 fercula
979 3190 1078 3247 coena,

282 3273 362 3349 Quse
376 3273 483 3357 procul
498 3271 662 3336 exstructis
677 3269 798 3333 inerant
812 3269 957 3351 hesterna
965 3272 1113 3337 canistris.
1211 3274 1272 3339 105

282 3374 370 3456 Ergo
385 3374 440 3438 ubi
454 3395 609 3458 purpurea
623 3384 797 3456 porrectum
813 3371 845 3434 in
857 3387 943 3438 veste
958 3374 1071 3451 locavit

280 3475 459 3558 Agrestcm‚
476 3475 574 3539 veluti
587 3473 763 3538 succinctus
777 3472 905 3537 cursitat
920 3474 1042 3558 hospes,

283 3576 516 3660 continuatque
527 3578 643 3661 dapes;
667 3596 801 3639 necnon
817 3575 983 3640 venialiter
997 3575 1073 3659 ipsis

282 3676 441 3760 Fungitur
454 3678 574 3757 officiis,
586 3678 790 3763 praelambens
802 3698 893 3740 omne
907 3677 989 3760 quod
1002 3676 1100 3740 affert.

282 3776 343 3842 Ille
358 3781 474 3844 cubans
488 3781 605 3865 gaudet
616 3794 735 3845 mutata
749 3792 841 3858 sorte,
857 3779 1005 3862 bonisque
1212 3780 1274 3842 110

280 3879 391 3945 Rebus
402 3881 468 3966 agit
481 3882 590 3946 loetum
605 3884 766 3947 convivam
778 3907 787 3955 ;
811 3902 882 3944 cum
898 3880 1000 3943 subito
1014 3878 1124 3963 ingens

280 3980 447 4047 Valvarum
463 3985 610 4070 strepitus
625 3985 713 4048 lectis
728 3982 863 4047 excussit
878 3995 1053 4065 utrumque.

281 4083 414 4149 Currere
428 4109 483 4170 per
497 4099 594 4152 totum
608 4085 715 4171 pavidi
730 4082 893 4153 conclavc;
918 4082 1077 4166 magisque

280 4186 449 4255 Exanimes
465 4190 628 4275 trepidare,
644 4187 736 4253 simul
750 4187 860 4252 domus
874 4184 937 4250 alte
953 4185 1102 4252 Molossis
