2872 5010
479 496 720 540 ueraronanun
744 495 812 539 Lm.
836 497 876 539 ιι.
899 480 929 540 2.
1146 474 1214 544 229

217 648 240 709 J
242 646 379 710 udicium
396 645 508 711 subtile
522 647 665 711 videndis
679 647 796 711 artibus
811 647 890 710 illud

217 748 269 811 Ad
283 747 377 810 libros
391 759 423 810 et
438 747 478 810 ad
493 746 563 812 haec
577 749 742 813 Musarum
757 748 839 813 dona
854 769 988 826 vocares,

218 847 363 912 Boeotirm
378 848 412 911 in
427 871 528 913 crasso
538 851 660 934 jurares
675 874 744 914 aere
759 864 875 915 natum.

218 952 265 1013 At
279 971 379 1033 neque
393 950 578 1015 dedecorant
593 965 646 1016 tua
661 952 701 1016 de
715 975 748 1016 se
758 952 888 1036 judicia,
905 963 998 1037 atque
1145 951 1210 1014 245

218 1053 365 1129 Munera,
381 1074 451 1135 quae
466 1053 566 1119 multa
579 1054 681 1117 dantis
695 1075 766 1118 curn
781 1053 873 1117 laude
888 1052 1037 1131 tulerunt,

218 1153 335 1217 Dilecti
351 1154 408 1217 tibi
420 1154 570 1240 Virgilius
589 1156 758 1242 Variusque
772 1165 894 1240 po'e'tae:

219 1259 288 1321 Nee
302 1257 401 1342 magis
416 1259 551 1342 expressi
567 1259 673 1322 vultus
687 1280 743 1342 per
757 1258 875 1323 ahenea
890 1258 989 1343 signa,

219 1362 320 1438 Quam
335 1381 390 1444 per
403 1360 484 1424 vatis
496 1381 573 1444 opus
589 1380 687 1422 mores
703 1358 858 1443 animique
872 1358 1008 1423 virorum
1117 1396 1120 1402 ·

219 1463 380 1526 Clarorum
396 1473 556 1545 apparent.
603 1461 634 1522 N
636 1480 671 1522 ec
687 1479 840 1521 sermones
852 1480 910 1541 ego
923 1459 1046 1522 mallem
1148 1463 1213 1526 250

219 1566 377 1649 Repentes
392 1585 448 1647 per
461 1561 603 1637 humum,
618 1581 711 1645 quam
725 1582 775 1623 res
790 1581 972 1643 componere
985 1574 1110 1644 gestas;

220 1669 450 1751 Terrarumque
466 1664 554 1742 situs,
571 1677 602 1728 ot
616 1661 745 1727 flumine
760 1663 873 1739 dicere,
888 1674 920 1725 et
935 1684 1020 1726 arces

220 1767 386 1831 Montibus
401 1765 569 1850 impositas,
585 1779 616 1828 ct
631 1765 760 1829 barbara
774 1785 880 1847 regna,
896 1763 1019 1848 tuisque

219 1867 376 1952 Auspiciis
392 1880 489 1930 totum
504 1866 644 1931 confecta
657 1866 763 1930 duella
776 1887 832 1950 per
846 1866 961 1944 orbem,

221 1970 425 2053 Claustraque
440 1968 598 2034 custodem
615 1968 700 2052 pacis
714 1968 891 2033 cohibentia
905 1970 928 2031 J
930 1991 1035 2048 anum,
1149 1973 1212 2036 255

220 2074 266 2135 Et
280 2072 473 2135 formidatam
490 2070 614 2135 Parthis
629 2084 660 2134 te
675 2070 814 2155 principe
830 2071 962 2135 Romam
976 2097 985 2146 ;

222 2173 268 2252 Si,
283 2186 433 2258 quantum
446 2195 602 2257 cuperem,
612 2194 733 2256 possem
745 2193 886 2256 quoque:
903 2174 959 2236 sed
973 2195 1072 2260 neque
1084 2198 1214 2261 parvum

223 2279 356 2339 Carmen
371 2276 515 2361 majestas
530 2274 640 2358 recipit
655 2286 720 2350 tua,
734 2294 793 2337 nec
807 2295 894 2338 meus
908 2276 1002 2338 audet

223 2379 305 2442 Rern
321 2390 439 2442 tentare
453 2378 564 2462 pudor,
579 2398 671 2459 quam
687 2377 768 2439 vires
782 2375 861 2439 ferre
875 2392 1035 2441 recusent·

224 2479 380 2544 Sedulitas
396 2493 510 2558 autem,
527 2479 622 2544 stulte
632 2500 724 2563 quern
739 2478 854 2562 diligit,
868 2493 980 2562 urguet
1153 2479 1217 2544 260

223 2582 385 2666 Praecipue
400 2603 470 2646 curn
486 2604 518 2645 se
533 2579 670 2643 numeris
685 2579 879 2643 commendat
893 2594 925 2642 et
939 2593 1024 2643 arte:

224 2684 327 2747 Discit
342 2683 424 2746 enim
434 2682 525 2745 citius
540 2681 741 2766 meminitque
756 2681 902 2746 libentius
917 2683 996 2747 illud

223 2784 317 2862 Quod
332 2783 401 2867 quis
415 2783 547 2862 deridet,
562 2805 654 2868 quam
665 2783 749 2868 quod
764 2785 873 2867 probat
888 2799 919 2848 et
934 2797 1106 2851 veneratur.

224 2886 281 2950 Nil
295 2906 396 2948 moror
411 2883 544 2948 officium
556 2886 640 2970 quod
654 2908 705 2949 me
718 2900 846 2970 gravat:
871 2910 907 2952 ac
921 2911 1021 2975 neque
1035 2889 1109 2954 ficto

226 2989 265 3050 ln
280 2987 369 3071 pejus
384 2987 474 3051 vultu
488 2988 617 3072 proponi
630 3009 735 3052 cereus
749 3010 890 3073 usquam,
1153 2988 1217 3052 265

225 3091 293 3154 Nec
307 3111 401 3173 prave
416 3088 505 3153 factis
521 3089 658 3153 decorari
673 3089 812 3153 versibus
827 3102 920 3173 opto:

225 3194 276 3256 Ne
289 3193 415 3256 rubeam
430 3189 538 3274 pingui
553 3191 684 3254 donatus
699 3212 837 3268 munere,
853 3203 884 3254 et
898 3210 961 3254 una

226 3296 309 3358 Cum
324 3293 471 3378 scriptore
486 3314 554 3355 meo
569 3316 661 3377 capsa
674 3307 833 3378 porrectus
847 3306 964 3378 aperta,

227 3396 357 3460 Deferar
371 3395 404 3458 in
420 3394 521 3458 vicum
536 3396 720 3460 vendentem
736 3408 786 3460 tus
801 3409 834 3459 et
848 3397 968 3474 odores,

226 3499 272 3561 Et
286 3497 384 3582 piper,
401 3510 432 3561 et
445 3497 596 3581 quidquid
608 3497 722 3561 chartis
734 3497 877 3560 amicitur
888 3497 1011 3577 ineptis.

564 3813 800 3879 uPrsTOLA
825 3811 874 3874 11.

536 3987 582 4027 Al)
606 3981 734 4025 JULlUM
760 3981 911 4023 nonunt.

229 4103 361 4178 Frons,
376 4103 456 4166 bono
471 4099 614 4182 claroque
630 4097 730 4161 fidelis
744 4096 841 4161 amice
858 4096 988 4172 Neroni,

231 4205 334 4290 Siquis
349 4205 427 4269 forte
442 4201 517 4268 velit
533 4222 661 4287 puerum
679 4198 734 4263 tibi
750 4200 882 4264 vendere
897 4211 1004 4263 natum
