2872 5010
475 489 662 538 casimirum
687 490 753 533 arn.
777 489 799 532 r.
824 466 877 550 37.

217 641 370 704 Custodes
385 639 533 702 Numidae
547 639 653 718 Deos3

255 741 317 820 Qui
332 761 415 804 nune
427 740 581 823 Hesperia
596 763 700 826 sospes
714 742 754 806 ab
768 741 878 806 ultima

212 843 303 908 Caris
318 842 417 905 multa
431 840 599 918 sodalibus,

254 943 344 1008 Nulli
358 943 447 1026 plura
462 955 564 1006 tamen
580 942 694 1007 dividit
709 943 813 1008 oscula

211 1050 311 1124 Quam
327 1044 410 1108 dulei
422 1041 554 1121 Lamias,
570 1065 686 1108 memor

255 1148 347 1210 Aetae
362 1166 424 1209 non
436 1144 496 1208 alio
511 1166 583 1229 rege
592 1145 733 1229 puertiae,

213 1249 407 1331 lllutataeque
423 1244 515 1309 simul
527 1259 617 1330 togae.

252 1350 363 1411 Cressa
377 1369 417 1412 ne
431 1359 533 1411 eareat
548 1344 678 1431 pulchra
694 1348 763 1413 dies
779 1362 873 1423 nota;

111 1477 116 1484 ·
211 1451 281 1512 Neu
294 1461 424 1533 promta
439 1448 549 1511 modus
563 1447 733 1532 amphorae,
808 1487 810 1491 .

252 1551 324 1612 Neu
338 1570 452 1612 morem
468 1548 500 1612 in
517 1547 634 1612 Salium
650 1549 690 1614 sit
704 1550 824 1634 requies
835 1551 948 1634 pedum
960 1576 970 1625 ;

210 1648 634 1715 Neumusnamnnmes
1022 1629 1033 1650 ’

252 1752 382 1813 Bassum
399 1749 548 1814 Threicia
563 1749 667 1815 vincat
682 1751 854 1834 amystide3

169 1881 173 1887 ·
207 1849 280 1910 Neu
295 1847 398 1911 desint
413 1847 512 1931 epulis
528 1868 616 1925 rosae,

251 1949 323 2011 Neu
337 1949 431 2012 vivax
445 1949 561 2034 apium,
577 1971 638 2013 neu
652 1950 745 2014 breve
760 1950 869 2016 lilium.

209 2052 324 2114 Omnes
339 2050 371 2113 in
388 2051 534 2115 Damalin
551 2063 656 2135 putres

250 2153 415 2236 Deponent
430 2153 550 2231 oeulos3
572 2174 630 2217 nee
642 2153 784 2218 Damalis
798 2174 878 2218 novo

208 2253 384 2317 Divelletur
395 2254 546 2330 adultero,

251 2354 395 2418 Lascivis
410 2353 532 2417 hederis
547 2352 744 2417 ambitiosior.

398 2702 494 2766 ODE
520 2701 715 2766 XXXVII.
763 2703 813 2780 (u.
837 2708 923 2784 xrx.)

535 2875 582 2918 nl)
607 2874 767 2917 soltanus.

207 3008 257 3069 Nu
266 3026 308 3069 nc
324 3019 370 3070 est
385 3005 565 3082 bibendum,
581 3027 663 3070 nune
678 3006 757 3090 pede
771 3006 868 3070 libero

206 3108 364 3172 Pulsanda
380 3107 491 3179 tellus;
516 3128 599 3171 nune
615 3106 782 3171 Saliaribus

249 3212 368 3272 Ornare
382 3208 527 3292 pulvinar
542 3208 681 3270 Deorum

292 3311 433 3393 Tempus
449 3323 514 3372 erat
529 3308 672 3392 dapibus,
685 3308 814 3373 sodales
937 3322 941 3328 '

205 3409 347 3474 Antehac
360 3409 447 3474 nefas
461 3410 639 3493 depromere
654 3410 825 3474 Caecubum

206 3509 303 3574 Collis
317 3508 419 3586 avitis,
435 3511 510 3574 dum
527 3510 684 3594 Capitolio

247 3610 372 3695 Regina
386 3611 544 3673 dementes
559 3611 676 3688 ruinas,

159 3722 176 3738 '·
290 3712 400 3774 Funus
415 3724 447 3774 et
461 3709 591 3792 imperio
603 3711 745 3793 parabat,

205 3811 423 3876 Contaminato
438 3832 508 3874 eum
524 3832 618 3894 grege
633 3810 771 3894 turpium
793 3868 796 3875 ,

205 3914 318 3977 Morbo
332 3913 479 3990 virorum,
491 3911 645 3995 quidlibet
659 3909 812 3995 impotens

248 4013 388 4093 sperare,
404 4011 587 4094 fortunaque
602 4007 687 4073 dulei

288 4110 405 4173 Ebria:
430 4111 484 4174 sed
499 4109 610 4173 minuit
625 4111 757 4175 furorem
