2872 5010
416 441 462 485 on
485 439 578 483 narn
603 436 760 492 rorarios,
786 440 831 480 nn
856 437 1006 482 rrsonrs.
1151 418 1215 500 247

219 596 267 660 Et
281 591 389 678 patris,
406 604 437 655 et
451 601 582 668 nostras,
597 610 775 676 nonumque
789 598 947 674 prematur
961 589 995 653 iu
1009 610 1137 666 annum,

221 690 416 758 Membranis
429 692 514 757 intus
528 691 647 775 positis.
692 691 806 755 Delcre
821 689 938 768 licebit,

218 796 313 874 Quod
328 817 389 858 non
405 795 555 868 edideris;
579 795 678 857 nescit
694 815 753 856 vox
769 793 861 856 missa
876 794 998 857 reverti.
1146 795 1212 862 390

220 895 385 960 Silvestres
400 894 539 959 homiues
555 916 640 959 sacer
654 895 865 978 interpresque
879 894 1018 959 Deorum

219 996 369 1060 Caedibus
378 1010 409 1061 et
424 997 510 1060 victu
524 996 608 1059 foedo
624 996 773 1060 deterruit
787 996 950 1080 Orpheum

219 1097 334 1161 Dictus
348 1099 389 1161 ob
402 1096 461 1162 hoc
475 1097 572 1161 lenire
586 1097 693 1182 tigres,
709 1098 890 1182 rabidosque
905 1098 1026 1162 leones:

219 1197 334 1264 Dictus
348 1212 380 1264 et
395 1199 557 1283 Amphion
570 1200 733 1265 Thebanae
748 1200 889 1265 conditor
904 1200 983 1265 arcis

220 1302 302 1364 Saxa
316 1321 439 1364 movere
454 1320 528 1362 sono
543 1301 718 1379 testudinis,
734 1316 765 1365 et
779 1324 869 1385 prece
883 1301 996 1366 blanda
1148 1302 1212 1369 395
1225 1359 1233 1375 .

220 1401 344 1467 Ducere
357 1422 419 1487 quo
430 1401 541 1466 vellet:
566 1401 627 1464 fuit
641 1401 710 1466 baec
725 1401 876 1485 sapientia
892 1402 1060 1486 quondam,
1160 1452 1163 1458 .

219 1503 350 1569 Publica
363 1504 493 1588 privatis
508 1524 675 1582 secernere,
685 1524 770 1567 sacra
784 1503 932 1587 profanis,

219 1603 399 1669 Concubitu
413 1604 577 1690 probibere
593 1627 684 1688 vago,
699 1606 773 1670 dare
783 1606 856 1690 jura
870 1605 1000 1682 maritis,

220 1706 347 1790 Oppida
360 1707 473 1784 moliri,
489 1707 573 1791 leges
589 1707 725 1772 incidere
740 1707 844 1792 ligmo:

221 1807 275 1871 Sic
290 1807 388 1871 honor
402 1822 434 1872 et
447 1830 560 1872 nomon
574 1809 689 1872 divinis
701 1809 824 1873 ratibus
839 1822 930 1894 atque
1147 1813 1210 1874 400

220 1911 418 1976 Caminibus
429 1913 524 1976 venit.
570 1913 646 1976 Post
662 1910 718 1975 hos
733 1910 863 1994 insignis
879 1912 1047 1986 Homerus,

220 2014 430 2098 Tyrtaeusque
444 2035 543 2078 mares
559 2014 677 2079 animos
692 2013 724 2076 in
741 2012 860 2077 Martia
873 2012 955 2078 bella

220 2112 369 2177 Versibus
383 2113 521 2186 exacuit;
545 2114 638 2178 dictae
660 2136 715 2198 per
729 2115 864 2179 carmina
879 2127 995 2188 sortes;

220 2214 266 2277 Et
280 2214 353 2278 vitae
369 2228 537 2279 monstrata
552 2216 603 2280 via
616 2228 680 2294 est3
703 2229 734 2279 et
748 2216 848 2299 gratia
860 2237 968 2300 regom

220 2315 332 2380 Pieriis
344 2329 461 2381 tentata
476 2317 589 2380 modis:
614 2317 768 2402 ludusque
781 2329 931 2402 repertus,
1148 2320 1210 2380 tos

220 2415 265 2478 Et
279 2415 441 2501 longorum
456 2440 583 2503 operum
599 2419 686 2482 finis:
711 2441 750 2483 ne
764 2419 843 2483 forte
858 2419 969 2504 pudori

221 2517 270 2580 Sit
285 2518 342 2582 tibi
357 2521 453 2584 Musa
467 2519 543 2604 lyrae
559 2521 664 2594 solers,
680 2534 711 2585 et
727 2534 834 2585 cantor
849 2520 972 2604 Apollo.

218 2619 341 2684 Natura
354 2620 441 2685 fieret
455 2620 613 2687 laudabile
627 2644 761 2699 carmen,
777 2645 817 2686 an
833 2636 908 2695 arte,

219 2720 394 2797 Quaesitum
410 2736 457 2787 cst
469 2748 490 2800 z,
502 2747 559 2809 ego
574 2746 631 2789 nec
647 2724 783 2788 studium
801 2724 866 2786 sinc
878 2724 975 2788 divite
990 2747 1084 2799 vona3

219 2821 288 2884 Nec
303 2822 380 2886 rude
394 2824 469 2908 quid
481 2826 578 2908 possit
592 2827 684 2890 video
698 2825 856 2909 ingenium
870 2849 876 2886 :
901 2824 1028 2889 alterius
1042 2825 1086 2890 sic
1145 2829 1210 2891 410

219 2923 332 2988 Altera
346 2926 445 3009 poscit
457 2949 545 3012 opem
558 2951 617 3007 ros,
635 2941 665 2993 et
676 2927 817 3013 conjurat
831 2926 936 2990 amico.

218 3025 282 3102 Qui
297 3029 400 3092 studet
414 3042 551 3113 optatam
565 3054 657 3096 cursu
672 3030 850 3112 contingere
859 3042 983 3103 metam,

220 3125 326 3190 Multa
341 3128 414 3191 tulit
427 3129 562 3212 fecitque
577 3151 673 3211 puer;
698 3129 821 3191 sudavit
836 3140 867 3191 et
882 3129 972 3201 alsit3

218 3227 387 3290 Abstinuit
401 3248 514 3292 venere
528 3241 560 3291 et
575 3229 666 3290 vino:
690 3229 744 3312 qui
757 3228 875 3312 Pythia
889 3241 994 3294 cantat

219 3326 365 3403 Tibicen,
382 3326 491 3391 didicit
505 3327 590 3414 prius
605 3329 809 3416 extimuitque
823 3333 1016 3416 magistrum.
1146 3333 1209 3396 415

219 3428 287 3491 Nec
302 3429 375 3493 satis
390 3442 437 3494 est
451 3430 576 3512 dixisse,
600 3433 623 3466 “
636 3434 708 3517 Ego
722 3434 800 3498 mira
811 3443 954 3518 po'o'mata
969 3456 1088 3519 pango:

219 3531 394 3617 “Occupet
409 3548 582 3599 extremum
598 3535 732 3610 scabies3
757 3536 834 3598 mihi
850 3549 939 3616 turpe
953 3535 1085 3618 relinqui
1101 3549 1158 3610 ost,

218 3632 242 3663 “
252 3632 308 3707 Et,
323 3634 407 3716 quod
421 3656 483 3698 non
498 3636 606 3713 didici,
623 3658 694 3699 sane
709 3637 826 3700 nescire
841 3633 967 3697 iateri''.

217 3732 266 3794 Ut
281 3753 383 3815 praeco
398 3733 438 3796 od
453 3756 568 3800 merces
583 3736 703 3801 turbam
715 3738 768 3821 qui
780 3735 863 3820 cogit
878 3734 1033 3812 emendas,

217 3833 436 3897 Assentatores
445 3834 718 3919 jubetadlucrum
734 3839 884 3921 irepoe'ta
1144 3841 1207 3901 420

218 3934 317 3998 Dives
328 3936 421 4019 agris,
437 3937 524 4001 dives
538 3938 646 4023 positis
661 3940 693 4003 in
708 3941 825 4003 foenore
839 3939 986 4002 nummis.

219 4035 251 4098 Si
265 4059 337 4100 vero
353 4051 411 4116 est,
427 4053 554 4104 unctum
570 4041 623 4125 qui
639 4055 722 4106 recte
735 4064 848 4126 ponere
862 4040 970 4125 possit,

217 4138 262 4201 Et
278 4141 427 4221 spondere
439 4141 500 4205 levi
514 4164 570 4226 pro
584 4164 729 4226 paupere,
746 4157 777 4208 et
792 4143 908 4227 eripere
923 4141 997 4208 atris
