2872 5010
453 806 496 878 Q.
519 802 732 869 nonnum
758 799 941 882 resecr,

244 996 358 1091 un
420 994 657 1090 Anum
721 991 1150 1111 Ponsica,

379 1215 446 1276 ΑΙ)
476 1209 699 1274 PISONES
728 1209 1006 1274 EPISTOLA.

194 1526 355 1588 Huuano
367 1522 463 1607 capiti
479 1521 629 1586 cervicem
645 1521 745 1605 pictor
759 1520 901 1605 equinam

192 1627 215 1688 J
220 1647 334 1708 ungere
349 1624 375 1686 si
391 1623 477 1700 velit,
490 1638 522 1686 et
537 1622 636 1685 varias
649 1622 794 1686 inducere
810 1621 941 1704 plumas,

193 1726 345 1810 Undique
360 1724 481 1788 cossatis
496 1724 653 1800 membris,
666 1739 701 1786 ut
718 1724 848 1808 turpiter
862 1740 962 1788 atrum

195 1827 327 1892 Desinat
345 1828 376 1891 in
392 1827 508 1911 piscem
525 1827 636 1890 mulier
650 1826 785 1890 formosa
800 1848 941 1910 superne,

195 1932 374 2012 Spectatum
391 1928 517 1992 admissi
533 1928 628 1990 risum
646 1927 788 2003 teneatis,
804 1928 894 1991 amici
908 1929 921 1990 i

195 2032 333 2106 Credite,
352 2029 492 2102 Pisones,
508 2028 560 2090 isti
577 2027 691 2091 tabulae
706 2028 770 2090 fore
786 2028 899 2091 librum

193 2131 397 2207 Persimilem,
413 2130 514 2214 cujus,
530 2129 617 2193 velut
629 2129 705 2213 aegri
721 2131 850 2206 somnia,
865 2152 955 2194 vanae

195 2235 372 2319 Fingentur
384 2233 521 2318 species;
546 2248 582 2296 ut
597 2255 653 2296 nec
667 2254 733 2317 pes,
750 2255 807 2297 nec
818 2248 912 2317 caput
927 2235 982 2297 uni

196 2338 361 2401 Reddatur
374 2335 493 2399 formae.
540 2335 567 2406 ii
581 2336 757 2399 Pictonibus
772 2349 865 2420 atque
881 2338 982 2420 poetis

194 2438 357 2511 Quidlibet
371 2437 507 2501 audendi
523 2458 644 2521 semper
658 2437 718 2501 fuit
733 2460 822 2523 aequa
837 2451 981 2522 potestas.
1153 2445 1195 2506 10

196 2542 223 2613 ii
238 2541 372 2617 Scimus,
384 2553 416 2602 et
425 2539 505 2604 hanc
518 2540 638 2604 veniam
651 2541 845 2626 petimusque
856 2542 1025 2626 damusque
1038 2541 1190 2608 vicissim:

196 2643 258 2705 Sed
270 2663 332 2704 non
345 2654 380 2704 ut
395 2640 526 2725 placidis
541 2652 652 2706 coeant
667 2643 798 2707 immitia
807 2669 816 2722 ;
839 2666 899 2707 non
916 2659 951 2708 ut

194 2747 360 2827 Serpentes
376 2744 485 2807 avibus
499 2745 708 2826 geminentur,
725 2746 855 2828 tigribus
870 2747 952 2830 agni.

195 2841 335 2924 Inceptis
350 2839 497 2924 gravibus
513 2840 695 2923 plerumque
710 2855 741 2904 et
756 2864 868 2926 magna
881 2844 1026 2928 professis

193 2945 383 3027 Purpureus,
399 2939 461 3004 late
475 2939 528 3023 qui
544 2940 715 3023 splendeat,
732 2963 812 3006 unus
827 2959 858 3008 et
874 2947 951 3012 alter
1150 2953 1191 3014 15

194 3041 344 3108 Assuitur
358 3061 500 3124 pannus3
523 3060 593 3101 cum
609 3037 697 3103 lucus
713 3052 745 3102 et
759 3063 812 3105 ara
828 3043 951 3123 Dianae,

193 3149 239 3210 Et
254 3143 449 3230 properantis
464 3164 552 3227 aquae
568 3163 623 3226 per
637 3164 774 3206 amoenos
786 3146 920 3210 ambitus
935 3171 1035 3233 agros,

193 3250 264 3309 Aut
278 3245 393 3307 flumen
410 3244 570 3320 Rhenum,
586 3257 641 3307 aut
656 3246 780 3326 pluvius
795 3249 978 3314 describitur
992 3275 1102 3317 arcus:

194 3346 256 3432 Sed
271 3366 354 3407 nnnc
369 3366 431 3406 non
447 3357 512 3406 erat
526 3343 575 3406 his
591 3344 691 3407 locus:
715 3362 747 3409 et
761 3347 888 3414 fortasse
901 3374 1078 3438 cupressum

193 3448 262 3511 Scis
277 3446 421 3512 simulare
434 3471 442 3525 3
465 3444 540 3529 quid
555 3445 626 3522 hoc,
642 3445 667 3509 si
679 3446 786 3512 fractis
801 3466 906 3517 enatat
921 3477 1031 3539 exspes
1140 3459 1185 3521 20

192 3552 347 3628 Navibus,
364 3573 424 3615 aere
440 3551 512 3614 dato
527 3549 580 3635 qui
596 3549 755 3634 pingitur?
779 3554 929 3638 amphora
941 3558 1035 3643 coepit

194 3655 342 3732 institui,
365 3668 506 3717 currente
521 3669 588 3718 rota
603 3676 658 3718 cur
670 3677 780 3719 urceus
796 3657 881 3720 exit?

193 3757 338 3840 Denique
353 3755 393 3817 sit
408 3756 490 3838 qnod
507 3756 564 3833 vis,
580 3756 711 3840 simplex
726 3758 876 3824 duntaxat
892 3773 923 3824 et
937 3784 1047 3830 unum.

191 3857 333 3921 Maxima
348 3877 419 3938 pars
435 3870 552 3931 vatum,
569 3872 657 3938 pater
671 3871 702 3920 et
712 3858 845 3941 juvenes
860 3877 947 3946 patre
962 3866 1062 3949 digni,

192 3957 376 4041 Decipimur
391 3956 492 4039 specie
506 3956 599 4018 recti:
624 3957 725 4020 brevis
741 3982 806 4024 esse
821 3961 935 4042 laboro,
1142 3973 1185 4036 25

192 4060 350 4123 Obscurus
365 4058 423 4121 fio:
448 4072 613 4123 sectantem
629 4058 711 4122 lenia
725 4063 811 4124 nervi

192 4160 352 4225 Deficiunt
368 4159 542 4244 animique:
566 4161 719 4242 professus
733 4165 863 4246 grandia
880 4180 998 4253 turget:
