2948 5422
465 920 653 967 curandum
677 920 744 963 nin.
769 919 815 961 rv.
838 900 890 962 14.

452 1161 548 1224 ODE
572 1160 669 1222 XIV.
720 1160 769 1236 (n.
786 1161 873 1240 x1x.)

532 1340 579 1381 AD
602 1339 798 1382 nodosum.

211 1482 290 1558 Qun
306 1499 380 1542 cura
394 1491 528 1562 patrum,
544 1499 654 1565 quaeve
669 1478 853 1556 Quiritium,

212 1581 320 1646 Plenis
334 1580 485 1647 honorum
501 1579 680 1646 muneribus
695 1593 776 1658 tuas,

254 1688 412 1770 Auguste,
428 1684 557 1749 virtutes
571 1684 604 1748 in
619 1704 721 1747 oevum

299 1788 362 1850 Per
378 1785 485 1849 titulos
500 1806 709 1870 memoresque
723 1784 818 1847 fastos

215 1892 384 1955 AEternct?
409 1890 438 1952 0
454 1909 515 1971 qua
530 1887 576 1950 sol
589 1885 774 1949 habitabiles

218 1992 360 2057 Illustrat
375 2012 454 2068 oras,
470 1987 602 2053 maxime
617 1986 803 2073 principum,

262 2095 362 2171 Quem
378 2091 457 2175 legis
472 2103 611 2174 expertes
627 2087 754 2152 Latinae

304 2193 459 2259 Vindelici
474 2192 610 2257 didicere
624 2213 724 2275 nuper

219 2299 304 2380 Quid
320 2300 426 2363 Marte
440 2318 564 2381 posses:
590 2294 688 2358 milite
702 2314 776 2358 nam
791 2304 844 2355 tuo

221 2407 343 2468 Drusus
359 2404 540 2478 Genaunes,
555 2397 756 2483 implacidum
771 2418 881 2481 genus,

264 2507 461 2589 Brcncosque
475 2503 606 2579 veloces,
622 2514 654 2564 et
669 2523 753 2564 arces

310 2607 447 2691 Alpibus
461 2603 620 2688 impositas
636 2601 803 2665 tremendis

223 2709 348 2793 Dejecit
363 2730 431 2771 acer
446 2706 517 2791 plus
532 2705 598 2768 vice
613 2703 755 2788 simplici.

131 2861 136 2867 ·
223 2813 328 2896 Major
343 2811 503 2873 Neronum
519 2829 592 2872 mox
605 2829 700 2893 grave
714 2805 858 2892 proelium

268 2911 442 2988 Commisit,
458 2911 666 2996 immanesque
682 2909 813 2974 Rhaetos
858 2934 860 2939 ’

311 3013 472 3098 Auspiciis
486 3014 607 3096 pepulit
622 3013 782 3086 secundis3

226 3118 420 3204 spectandus
434 3117 467 3180 in
482 3116 649 3180 certamine
665 3116 795 3194 Martio,

228 3226 351 3287 Devota
364 3220 455 3285 morti
471 3231 595 3304 pectora
612 3218 717 3283 liberae
733 3220 736 3225 ’

270 3321 403 3402 Quantis
417 3321 561 3405 fatigaret
575 3320 692 3384 ruinis:

317 3424 491 3489 Indomitas
502 3445 597 3508 prope
611 3423 711 3508 qualis
727 3425 826 3489 undas

229 3531 363 3592 Exercet
378 3529 508 3602 Auster,
523 3525 688 3589 Pleiadum
704 3526 798 3589 choro

231 3629 398 3693 Scindente
411 3628 521 3702 nubes,
537 3625 669 3709 impiger
679 3626 815 3691 hostium

274 3730 394 3793 Vexare
408 3741 536 3803 turmas,
552 3741 583 3791 et
596 3727 776 3793 frementem

318 3829 447 3894 Mittere
463 3852 573 3915 equum
590 3830 707 3895 medios
722 3854 776 3917 per
790 3833 888 3916 ignes.

233 3934 284 3998 Sic
300 3932 486 3997 tauriformis
501 3933 637 3997 volvitur
652 3935 796 4011 Aufidus,

233 4037 295 4115 Qui
310 4057 405 4117 regna
420 4034 528 4096 Dauni
542 4032 677 4113 praefluit
692 4034 825 4116 Appuli,

277 4140 357 4201 Cum
374 4134 474 4209 saevit,
489 4132 733 4217 horrendamque
748 4133 840 4196 cultis

322 4234 482 4300 Diluviem
498 4233 665 4298 meditatur
680 4233 782 4318 agris:

239 4347 285 4408 Ut
298 4341 495 4405 barbarorum
513 4337 664 4402 Claudius
675 4337 799 4423 agmina

238 4449 367 4511 Fcrrsta
381 4453 467 4506 vasto
482 4440 578 4505 diruit
593 4441 732 4526 impetu3

281 4546 462 4628 l‘rimosque
477 4557 509 4607 et
523 4557 674 4608 extremos
690 4544 843 4619 metendo,

325 4645 442 4712 Stravit
456 4645 598 4724 humum,
613 4647 679 4711 sine
694 4646 780 4709 clade
797 4644 905 4720 victor,
