<?xml version="1.0" encoding="UTF-8"?>
<!DOCTYPE html PUBLIC "-//W3C//DTD XHTML 1.0 Transitional//EN"
    "http://www.w3.org/TR/xhtml1/DTD/xhtml1-transitional.dtd">
<html xmlns="http://www.w3.org/1999/xhtml" xml:lang="en" lang="en">
 <head>
  <title>
</title>
<meta http-equiv="Content-Type" content="text/html;charset=utf-8" />
  <meta name='ocr-system' content='tesseract 3.04.00' />
  <meta name='ocr-capabilities' content='ocr_page ocr_carea ocr_par ocr_line ocrx_word'/>
</head>
<body>
  <div class='ocr_page' id='page_1' title='image "./horatiusrestitu00tategoog_0448.png"; bbox 0 0 2872 5010; ppageno 0'>
   <div class='ocr_carea' id='block_1_1' title="bbox 385 488 791 551">
    <p class='ocr_par' dir='ltr' id='par_1_1' title="bbox 385 488 791 551">
     <span class='ocr_line' id='line_1_1' title="bbox 385 488 791 551; baseline -0.002 -3"><span class='ocrx_word' id='word_1_1' title='bbox 385 503 576 551; x_wconf 64' lang='lat' dir='ltr'>casurum(</span> <span class='ocrx_word' id='word_1_2' title='bbox 599 502 666 549; x_wconf 79' lang='lat' dir='ltr'>urs.</span> <span class='ocrx_word' id='word_1_3' title='bbox 691 505 736 550; x_wconf 81' lang='grc' dir='ltr'>ιν.</span> <span class='ocrx_word' id='word_1_4' title='bbox 760 488 791 549; x_wconf 88' lang='grc'>8.</span> 
     </span>
    </p>
   </div>
   <div class='ocr_carea' id='block_1_2' title="bbox 195 654 938 946">
    <p class='ocr_par' dir='ltr' id='par_1_2' title="bbox 195 654 938 946">
     <span class='ocr_line' id='line_1_2' title="bbox 201 654 887 740; baseline 0.001 -21"><span class='ocrx_word' id='word_1_5' title='bbox 201 655 389 730; x_wconf 77' lang='lat' dir='ltr'>Graiorum3</span> <span class='ocrx_word' id='word_1_6' title='bbox 413 676 514 740; x_wconf 90' lang='lat' dir='ltr'>neque</span> <span class='ocrx_word' id='word_1_7' title='bbox 528 667 563 719; x_wconf 85' lang='lat' dir='ltr'>tu</span> <span class='ocrx_word' id='word_1_8' title='bbox 577 654 711 740; x_wconf 86' lang='lat' dir='ltr'>pessima</span> <span class='ocrx_word' id='word_1_9' title='bbox 724 676 887 720; x_wconf 91' lang='lat' dir='ltr'>munerum</span> 
     </span>
     <span class='ocr_line' id='line_1_3' title="bbox 200 754 772 835; baseline 0.003 -16"><span class='ocrx_word' id='word_1_10' title='bbox 200 756 321 833; x_wconf 87' lang='lat' dir='ltr'>Ferrea,</span> <span class='ocrx_word' id='word_1_11' title='bbox 337 754 436 820; x_wconf 82' lang='lat' dir='ltr'>divite</span> <span class='ocrx_word' id='word_1_12' title='bbox 450 777 499 821; x_wconf 91' lang='lat' dir='ltr'>me</span> <span class='ocrx_word' id='word_1_13' title='bbox 514 754 632 821; x_wconf 82' lang='lat' dir='ltr'>sedicet</span> <span class='ocrx_word' id='word_1_14' title='bbox 647 756 772 835; x_wconf 88' lang='lat' dir='ltr'>artium,</span> 
     </span>
     <span class='ocr_line' id='line_1_4' title="bbox 195 857 938 946; baseline 0.003 -23"><span class='ocrx_word' id='word_1_15' title='bbox 195 860 282 936; x_wconf 84' lang='lat' dir='ltr'>Quas</span> <span class='ocrx_word' id='word_1_16' title='bbox 296 872 352 924; x_wconf 87' lang='lat' dir='ltr'>aut</span> <span class='ocrx_word' id='word_1_17' title='bbox 368 858 554 924; x_wconf 86' lang='lat' dir='ltr'>Parrhasius</span> <span class='ocrx_word' id='word_1_18' title='bbox 568 860 711 944; x_wconf 89' lang='lat' dir='ltr'>protulit,</span> <span class='ocrx_word' id='word_1_19' title='bbox 727 872 782 925; x_wconf 92' lang='lat' dir='ltr'>aut</span> <span class='ocrx_word' id='word_1_20' title='bbox 799 857 915 946; x_wconf 88' lang='lat' dir='ltr'>Scopas</span> <span class='ocrx_word' id='word_1_21' title='bbox 928 884 938 935; x_wconf 89' lang='lat'>;</span> 
     </span>
    </p>
   </div>
   <div class='ocr_carea' id='block_1_3' title="bbox 188 959 952 3065">
    <p class='ocr_par' dir='ltr' id='par_1_3' title="bbox 198 959 743 1047">
     <span class='ocr_line' id='line_1_5' title="bbox 198 959 743 1047; baseline 0.006 -24"><span class='ocrx_word' id='word_1_22' title='bbox 198 959 264 1026; x_wconf 90' lang='lat' dir='ltr'>Hic</span> <span class='ocrx_word' id='word_1_23' title='bbox 279 983 363 1037; x_wconf 89' lang='lat' dir='ltr'>saxo,</span> <span class='ocrx_word' id='word_1_24' title='bbox 376 960 503 1047; x_wconf 80' lang='lat' dir='ltr'>liquidis</span> <span class='ocrx_word' id='word_1_25' title='bbox 518 960 573 1026; x_wconf 91' lang='lat' dir='ltr'>ille</span> <span class='ocrx_word' id='word_1_26' title='bbox 587 961 743 1027; x_wconf 89' lang='lat' dir='ltr'>coloribus</span> 
     </span>
    </p>

    <p class='ocr_par' dir='ltr' id='par_1_4' title="bbox 193 1062 952 1557">
     <span class='ocr_line' id='line_1_6' title="bbox 197 1062 952 1150; baseline 0.003 -24"><span class='ocrx_word' id='word_1_27' title='bbox 197 1063 312 1129; x_wconf 81' lang='lat' dir='ltr'>Sollers</span> <span class='ocrx_word' id='word_1_28' title='bbox 326 1085 410 1128; x_wconf 90' lang='lat' dir='ltr'>nunc</span> <span class='ocrx_word' id='word_1_29' title='bbox 423 1062 580 1128; x_wconf 90' lang='lat' dir='ltr'>bominem</span> <span class='ocrx_word' id='word_1_30' title='bbox 595 1085 720 1150; x_wconf 86' lang='lat' dir='ltr'>ponere,</span> <span class='ocrx_word' id='word_1_31' title='bbox 736 1085 820 1130; x_wconf 89' lang='lat' dir='ltr'>nunc</span> <span class='ocrx_word' id='word_1_32' title='bbox 835 1062 952 1131; x_wconf 87' lang='lat' dir='ltr'>Deum.</span> 
     </span>
     <span class='ocr_line' id='line_1_7' title="bbox 196 1164 867 1235; baseline 0.006 -7"><span class='ocrx_word' id='word_1_33' title='bbox 196 1165 259 1228; x_wconf 86' lang='lat' dir='ltr'>Sed</span> <span class='ocrx_word' id='word_1_34' title='bbox 273 1186 334 1229; x_wconf 89' lang='lat' dir='ltr'>non</span> <span class='ocrx_word' id='word_1_35' title='bbox 349 1164 418 1229; x_wconf 87' lang='lat' dir='ltr'>haec</span> <span class='ocrx_word' id='word_1_36' title='bbox 432 1164 511 1230; x_wconf 92' lang='lat' dir='ltr'>mihi</span> <span class='ocrx_word' id='word_1_37' title='bbox 525 1164 588 1231; x_wconf 84' lang='lat' dir='ltr'>vis:</span> <span class='ocrx_word' id='word_1_38' title='bbox 612 1187 671 1233; x_wconf 90' lang='lat' dir='ltr'>nec</span> <span class='ocrx_word' id='word_1_39' title='bbox 685 1166 742 1232; x_wconf 90' lang='lat' dir='ltr'>tibi</span> <span class='ocrx_word' id='word_1_40' title='bbox 758 1167 867 1235; x_wconf 85' lang='lat' dir='ltr'>talium</span> 
     </span>
     <span class='ocr_line' id='line_1_8' title="bbox 195 1265 844 1354; baseline 0.009 -25"><span class='ocrx_word' id='word_1_41' title='bbox 195 1265 261 1329; x_wconf 86' lang='lat' dir='ltr'>Res</span> <span class='ocrx_word' id='word_1_42' title='bbox 275 1279 323 1330; x_wconf 88' lang='lat' dir='ltr'>est</span> <span class='ocrx_word' id='word_1_43' title='bbox 337 1278 392 1331; x_wconf 90' lang='lat' dir='ltr'>aut</span> <span class='ocrx_word' id='word_1_44' title='bbox 406 1267 528 1332; x_wconf 89' lang='lat' dir='ltr'>animus</span> <span class='ocrx_word' id='word_1_45' title='bbox 543 1267 724 1334; x_wconf 88' lang='lat' dir='ltr'>deliciarum</span> <span class='ocrx_word' id='word_1_46' title='bbox 738 1291 844 1354; x_wconf 80' lang='lat' dir='ltr'>egens.</span> 
     </span>
     <span class='ocr_line' id='line_1_9' title="bbox 194 1367 877 1454; baseline 0.006 -22"><span class='ocrx_word' id='word_1_47' title='bbox 194 1368 323 1433; x_wconf 88' lang='lat' dir='ltr'>Gaudes</span> <span class='ocrx_word' id='word_1_48' title='bbox 337 1367 541 1433; x_wconf 77' lang='lat' dir='ltr'>carminibus:</span> <span class='ocrx_word' id='word_1_49' title='bbox 565 1369 701 1434; x_wconf 86' lang='lat' dir='ltr'>carmina</span> <span class='ocrx_word' id='word_1_50' title='bbox 714 1391 877 1454; x_wconf 88' lang='lat' dir='ltr'>possumus</span> 
     </span>
     <span class='ocr_line' id='line_1_10' title="bbox 193 1468 810 1557; baseline 0 -25"><span class='ocrx_word' id='word_1_51' title='bbox 193 1470 334 1549; x_wconf 74' lang='lat' dir='ltr'>Docere,</span> <span class='ocrx_word' id='word_1_52' title='bbox 349 1482 382 1535; x_wconf 90' lang='lat' dir='ltr'>et</span> <span class='ocrx_word' id='word_1_53' title='bbox 396 1469 530 1557; x_wconf 89' lang='lat' dir='ltr'>pretium</span> <span class='ocrx_word' id='word_1_54' title='bbox 545 1468 648 1534; x_wconf 84' lang='lat' dir='ltr'>dicere</span> <span class='ocrx_word' id='word_1_55' title='bbox 663 1472 810 1537; x_wconf 87' lang='lat' dir='ltr'>muneris.</span> 
     </span>
    </p>

    <p class='ocr_par' dir='ltr' id='par_1_5' title="bbox 194 1569 802 1656">
     <span class='ocr_line' id='line_1_11' title="bbox 194 1569 802 1656; baseline 0.002 -20"><span class='ocrx_word' id='word_1_56' title='bbox 194 1572 269 1636; x_wconf 92' lang='lat' dir='ltr'>Non</span> <span class='ocrx_word' id='word_1_57' title='bbox 283 1569 381 1636; x_wconf 87' lang='lat' dir='ltr'>incisa</span> <span class='ocrx_word' id='word_1_58' title='bbox 394 1569 476 1636; x_wconf 90' lang='lat' dir='ltr'>notis</span> <span class='ocrx_word' id='word_1_59' title='bbox 491 1590 644 1636; x_wconf 87' lang='lat' dir='ltr'>marmora</span> <span class='ocrx_word' id='word_1_60' title='bbox 656 1572 802 1656; x_wconf 83' lang='lat' dir='ltr'>publicis,</span> 
     </span>
    </p>

    <p class='ocr_par' dir='ltr' id='par_1_6' title="bbox 194 1672 811 1760">
     <span class='ocr_line' id='line_1_12' title="bbox 194 1672 811 1760; baseline 0.006 -24"><span class='ocrx_word' id='word_1_61' title='bbox 194 1674 257 1737; x_wconf 88' lang='lat' dir='ltr'>Per</span> <span class='ocrx_word' id='word_1_62' title='bbox 271 1695 343 1758; x_wconf 71' lang='lat' dir='ltr'>quae</span> <span class='ocrx_word' id='word_1_63' title='bbox 357 1672 486 1760; x_wconf 85' lang='lat' dir='ltr'>spiritus</span> <span class='ocrx_word' id='word_1_64' title='bbox 500 1685 532 1738; x_wconf 90' lang='lat' dir='ltr'>et</span> <span class='ocrx_word' id='word_1_65' title='bbox 546 1672 612 1739; x_wconf 86' lang='lat' dir='ltr'>vita</span> <span class='ocrx_word' id='word_1_66' title='bbox 625 1674 708 1739; x_wconf 90' lang='lat' dir='ltr'>redit</span> <span class='ocrx_word' id='word_1_67' title='bbox 722 1674 811 1740; x_wconf 89' lang='lat' dir='ltr'>bonis</span> 
     </span>
    </p>

    <p class='ocr_par' dir='ltr' id='par_1_7' title="bbox 190 1775 910 2068">
     <span class='ocr_line' id='line_1_13' title="bbox 193 1775 910 1861; baseline -0.003 -19"><span class='ocrx_word' id='word_1_68' title='bbox 193 1779 272 1842; x_wconf 88' lang='lat' dir='ltr'>Post</span> <span class='ocrx_word' id='word_1_69' title='bbox 286 1788 417 1841; x_wconf 88' lang='lat' dir='ltr'>mortem</span> <span class='ocrx_word' id='word_1_70' title='bbox 432 1775 584 1850; x_wconf 84' lang='lat' dir='ltr'>ducibus;</span> <span class='ocrx_word' id='word_1_71' title='bbox 607 1798 670 1841; x_wconf 92' lang='lat' dir='ltr'>non</span> <span class='ocrx_word' id='word_1_72' title='bbox 687 1776 800 1841; x_wconf 83' lang='lat' dir='ltr'>celeres</span> <span class='ocrx_word' id='word_1_73' title='bbox 815 1776 910 1861; x_wconf 76' lang='lat' dir='ltr'>fugae,</span> 
     </span>
     <span class='ocr_line' id='line_1_14' title="bbox 193 1878 885 1966; baseline 0.003 -22"><span class='ocrx_word' id='word_1_74' title='bbox 193 1880 396 1966; x_wconf 83' lang='lat' dir='ltr'>Rejectaeque</span> <span class='ocrx_word' id='word_1_75' title='bbox 408 1891 577 1947; x_wconf 82' lang='lat' dir='ltr'>retrorsum</span> <span class='ocrx_word' id='word_1_76' title='bbox 591 1878 757 1945; x_wconf 79' lang='lat' dir='ltr'>Annibalis</span> <span class='ocrx_word' id='word_1_77' title='bbox 772 1879 885 1957; x_wconf 78' lang='lat' dir='ltr'>minae3</span> 
     </span>
     <span class='ocr_line' id='line_1_15' title="bbox 190 1980 769 2068; baseline 0.002 -23"><span class='ocrx_word' id='word_1_78' title='bbox 190 1983 265 2046; x_wconf 90' lang='lat' dir='ltr'>Non</span> <span class='ocrx_word' id='word_1_79' title='bbox 280 1981 423 2047; x_wconf 87' lang='lat' dir='ltr'>incendia</span> <span class='ocrx_word' id='word_1_80' title='bbox 438 1980 638 2067; x_wconf 72' lang='lat' dir='ltr'>Carthaginis</span> <span class='ocrx_word' id='word_1_81' title='bbox 652 1981 769 2068; x_wconf 83' lang='lat' dir='ltr'>impiae,</span> 
     </span>
    </p>

    <p class='ocr_par' dir='ltr' id='par_1_8' title="bbox 188 2082 778 2263">
     <span class='ocr_line' id='line_1_16' title="bbox 190 2082 778 2170; baseline 0.009 -24"><span class='ocrx_word' id='word_1_82' title='bbox 190 2082 272 2167; x_wconf 89' lang='lat' dir='ltr'>Ejus</span> <span class='ocrx_word' id='word_1_83' title='bbox 286 2083 341 2170; x_wconf 91' lang='lat' dir='ltr'>qui</span> <span class='ocrx_word' id='word_1_84' title='bbox 354 2082 473 2149; x_wconf 90' lang='lat' dir='ltr'>domita</span> <span class='ocrx_word' id='word_1_85' title='bbox 487 2106 600 2150; x_wconf 89' lang='lat' dir='ltr'>nomen</span> <span class='ocrx_word' id='word_1_86' title='bbox 616 2084 656 2150; x_wconf 89' lang='lat' dir='ltr'>ab</span> <span class='ocrx_word' id='word_1_87' title='bbox 670 2084 778 2151; x_wconf 80' lang='lat' dir='ltr'>Africa</span> 
     </span>
     <span class='ocr_line' id='line_1_17' title="bbox 188 2184 751 2263; baseline 0.005 -16"><span class='ocrx_word' id='word_1_88' title='bbox 188 2184 345 2249; x_wconf 89' lang='lat' dir='ltr'>Lucratus</span> <span class='ocrx_word' id='word_1_89' title='bbox 360 2185 465 2263; x_wconf 88' lang='lat' dir='ltr'>rediit,</span> <span class='ocrx_word' id='word_1_90' title='bbox 480 2184 594 2250; x_wconf 88' lang='lat' dir='ltr'>clarius</span> <span class='ocrx_word' id='word_1_91' title='bbox 609 2184 751 2258; x_wconf 87' lang='lat' dir='ltr'>indicant</span> 
     </span>
    </p>

    <p class='ocr_par' dir='ltr' id='par_1_9' title="bbox 188 2284 909 3065">
     <span class='ocr_line' id='line_1_18' title="bbox 189 2284 909 2372; baseline 0.003 -23"><span class='ocrx_word' id='word_1_92' title='bbox 189 2286 329 2364; x_wconf 87' lang='lat' dir='ltr'>Laudes,</span> <span class='ocrx_word' id='word_1_93' title='bbox 344 2306 438 2372; x_wconf 89' lang='lat' dir='ltr'>quam</span> <span class='ocrx_word' id='word_1_94' title='bbox 453 2285 597 2351; x_wconf 75' lang='lat' dir='ltr'>Calabrae</span> <span class='ocrx_word' id='word_1_95' title='bbox 612 2284 772 2351; x_wconf 86' lang='lat' dir='ltr'>Pierides:</span> <span class='ocrx_word' id='word_1_96' title='bbox 797 2307 909 2372; x_wconf 88' lang='lat' dir='ltr'>neque,</span> 
     </span>
     <span class='ocr_line' id='line_1_19' title="bbox 189 2386 809 2474; baseline 0.005 -24"><span class='ocrx_word' id='word_1_97' title='bbox 189 2386 226 2450; x_wconf 87' lang='lat' dir='ltr'>Si</span> <span class='ocrx_word' id='word_1_98' title='bbox 241 2386 357 2453; x_wconf 82' lang='lat' dir='ltr'>chartae</span> <span class='ocrx_word' id='word_1_99' title='bbox 372 2387 485 2455; x_wconf 81' lang='lat' dir='ltr'>adeant</span> <span class='ocrx_word' id='word_1_100' title='bbox 499 2388 583 2474; x_wconf 84' lang='lat' dir='ltr'>quod</span> <span class='ocrx_word' id='word_1_101' title='bbox 596 2389 675 2452; x_wconf 87' lang='lat' dir='ltr'>benc</span> <span class='ocrx_word' id='word_1_102' title='bbox 689 2387 809 2468; x_wconf 85' lang='lat' dir='ltr'>feceris,</span> 
     </span>
     <span class='ocr_line' id='line_1_20' title="bbox 188 2489 813 2567; baseline 0.003 -15"><span class='ocrx_word' id='word_1_103' title='bbox 188 2489 368 2554; x_wconf 86' lang='lat' dir='ltr'>Mercedem</span> <span class='ocrx_word' id='word_1_104' title='bbox 383 2489 501 2556; x_wconf 89' lang='lat' dir='ltr'>tuleris.</span> <span class='ocrx_word' id='word_1_105' title='bbox 547 2489 633 2567; x_wconf 84' lang='lat' dir='ltr'>Quid</span> <span class='ocrx_word' id='word_1_106' title='bbox 646 2489 726 2554; x_wconf 83' lang='lat' dir='ltr'>foret</span> <span class='ocrx_word' id='word_1_107' title='bbox 742 2490 813 2554; x_wconf 87' lang='lat' dir='ltr'>Iliae</span> 
     </span>
     <span class='ocr_line' id='line_1_21' title="bbox 190 2591 764 2678; baseline 0.005 -24"><span class='ocrx_word' id='word_1_108' title='bbox 190 2592 407 2676; x_wconf 86' lang='lat' dir='ltr'>Mavortisque</span> <span class='ocrx_word' id='word_1_109' title='bbox 422 2613 510 2678; x_wconf 88' lang='lat' dir='ltr'>puer,</span> <span class='ocrx_word' id='word_1_110' title='bbox 526 2591 553 2657; x_wconf 85' lang='lat' dir='ltr'>si</span> <span class='ocrx_word' id='word_1_111' title='bbox 569 2591 764 2657; x_wconf 78' lang='lat' dir='ltr'>taciturnitas</span> 
     </span>
     <span class='ocr_line' id='line_1_22' title="bbox 188 2692 757 2760; baseline 0.004 -5"><span class='ocrx_word' id='word_1_112' title='bbox 188 2692 337 2757; x_wconf 83' lang='lat' dir='ltr'>Obstaret</span> <span class='ocrx_word' id='word_1_113' title='bbox 350 2692 469 2757; x_wconf 86' lang='lat' dir='ltr'>meritis</span> <span class='ocrx_word' id='word_1_114' title='bbox 480 2692 588 2758; x_wconf 83' lang='lat' dir='ltr'>invida</span> <span class='ocrx_word' id='word_1_115' title='bbox 603 2692 757 2760; x_wconf 75' lang='lat' dir='ltr'>Romuli?</span> 
     </span>
     <span class='ocr_line' id='line_1_23' title="bbox 189 2792 795 2880; baseline 0.005 -22"><span class='ocrx_word' id='word_1_116' title='bbox 189 2796 344 2880; x_wconf 87' lang='lat' dir='ltr'>Ereptum</span> <span class='ocrx_word' id='word_1_117' title='bbox 361 2793 482 2880; x_wconf 83' lang='lat' dir='ltr'>Stygiis</span> <span class='ocrx_word' id='word_1_118' title='bbox 496 2794 644 2861; x_wconf 80' lang='lat' dir='ltr'>{luctibus</span> <span class='ocrx_word' id='word_1_119' title='bbox 659 2792 795 2861; x_wconf 85' lang='lat' dir='ltr'>AEacum</span> 
     </span>
     <span class='ocr_line' id='line_1_24' title="bbox 189 2897 800 2983; baseline 0.005 -23"><span class='ocrx_word' id='word_1_120' title='bbox 189 2898 297 2962; x_wconf 87' lang='lat' dir='ltr'>Virtus</span> <span class='ocrx_word' id='word_1_121' title='bbox 311 2910 343 2963; x_wconf 89' lang='lat' dir='ltr'>et</span> <span class='ocrx_word' id='word_1_122' title='bbox 356 2897 444 2963; x_wconf 85' lang='lat' dir='ltr'>favor</span> <span class='ocrx_word' id='word_1_123' title='bbox 457 2910 489 2962; x_wconf 90' lang='lat' dir='ltr'>et</span> <span class='ocrx_word' id='word_1_124' title='bbox 503 2897 613 2982; x_wconf 84' lang='lat' dir='ltr'>lingua</span> <span class='ocrx_word' id='word_1_125' title='bbox 626 2898 800 2983; x_wconf 87' lang='lat' dir='ltr'>potentium</span> 
     </span>
     <span class='ocr_line' id='line_1_25' title="bbox 188 2999 780 3065; baseline -0.002 -1"><span class='ocrx_word' id='word_1_126' title='bbox 188 3001 304 3064; x_wconf 88' lang='lat' dir='ltr'>Vatum</span> <span class='ocrx_word' id='word_1_127' title='bbox 319 2999 469 3064; x_wconf 90' lang='lat' dir='ltr'>divitibus</span> <span class='ocrx_word' id='word_1_128' title='bbox 483 3013 643 3065; x_wconf 89' lang='lat' dir='ltr'>consecrat</span> <span class='ocrx_word' id='word_1_129' title='bbox 657 3001 780 3065; x_wconf 91' lang='lat' dir='ltr'>insulis.</span> 
     </span>
    </p>
   </div>
   <div class='ocr_carea' id='block_1_4' title="bbox 187 3102 1015 3179">
    <p class='ocr_par' dir='ltr' id='par_1_10' title="bbox 187 3102 1015 3179">
     <span class='ocr_line' id='line_1_26' title="bbox 187 3102 1015 3179; baseline 0.004 -14"><span class='ocrx_word' id='word_1_130' title='bbox 187 3103 335 3166; x_wconf 77' lang='lat' dir='ltr'>Drauuu</span> <span class='ocrx_word' id='word_1_131' title='bbox 351 3102 443 3167; x_wconf 87' lang='lat' dir='ltr'>laude</span> <span class='ocrx_word' id='word_1_132' title='bbox 457 3102 558 3167; x_wconf 89' lang='lat' dir='ltr'>virum</span> <span class='ocrx_word' id='word_1_133' title='bbox 576 3104 673 3168; x_wconf 91' lang='lat' dir='ltr'>Musa</span> <span class='ocrx_word' id='word_1_134' title='bbox 688 3114 773 3167; x_wconf 89' lang='lat' dir='ltr'>vetat</span> <span class='ocrx_word' id='word_1_135' title='bbox 788 3103 878 3179; x_wconf 89' lang='lat' dir='ltr'>mori,</span> <span class='ocrx_word' id='word_1_136' title='bbox 1010 3114 1015 3125; x_wconf 92' lang='lat'>&#39;</span> 
     </span>
    </p>
   </div>
   <div class='ocr_carea' id='block_1_5' title="bbox 186 3203 830 3779">
    <p class='ocr_par' dir='ltr' id='par_1_11' title="bbox 186 3203 830 3779">
     <span class='ocr_line' id='line_1_27' title="bbox 187 3203 830 3269; baseline -0.005 0"><span class='ocrx_word' id='word_1_137' title='bbox 187 3204 278 3269; x_wconf 90' lang='lat' dir='ltr'>Coelo</span> <span class='ocrx_word' id='word_1_138' title='bbox 293 3203 390 3268; x_wconf 88' lang='lat' dir='ltr'>Musa</span> <span class='ocrx_word' id='word_1_139' title='bbox 402 3204 483 3268; x_wconf 86' lang='lat' dir='ltr'>beat.</span> <span class='ocrx_word' id='word_1_140' title='bbox 528 3203 582 3268; x_wconf 86' lang='lat' dir='ltr'>Sic</span> <span class='ocrx_word' id='word_1_141' title='bbox 595 3203 689 3268; x_wconf 82' lang='lat' dir='ltr'>Joris</span> <span class='ocrx_word' id='word_1_142' title='bbox 703 3203 830 3268; x_wconf 84' lang='lat' dir='ltr'>interest</span> 
     </span>
     <span class='ocr_line' id='line_1_28' title="bbox 186 3304 763 3391; baseline 0 -22"><span class='ocrx_word' id='word_1_143' title='bbox 186 3304 313 3391; x_wconf 84' lang='lat' dir='ltr'>Optatis</span> <span class='ocrx_word' id='word_1_144' title='bbox 328 3304 428 3390; x_wconf 92' lang='lat' dir='ltr'>epulis</span> <span class='ocrx_word' id='word_1_145' title='bbox 442 3305 575 3391; x_wconf 80' lang='lat' dir='ltr'>impiger</span> <span class='ocrx_word' id='word_1_146' title='bbox 590 3305 763 3372; x_wconf 87' lang='lat' dir='ltr'>Hercules:</span> 
     </span>
     <span class='ocr_line' id='line_1_29' title="bbox 188 3407 811 3492; baseline -0.002 -20"><span class='ocrx_word' id='word_1_147' title='bbox 188 3408 318 3473; x_wconf 89' lang='lat' dir='ltr'>Clarum</span> <span class='ocrx_word' id='word_1_148' title='bbox 332 3407 525 3492; x_wconf 69' lang='lat' dir='ltr'>Tyndaridae</span> <span class='ocrx_word' id='word_1_149' title='bbox 540 3408 627 3474; x_wconf 89' lang='lat' dir='ltr'>sidus</span> <span class='ocrx_word' id='word_1_150' title='bbox 642 3409 681 3475; x_wconf 91' lang='lat' dir='ltr'>ab</span> <span class='ocrx_word' id='word_1_151' title='bbox 695 3407 811 3473; x_wconf 88' lang='lat' dir='ltr'>infimis</span> 
     </span>
     <span class='ocr_line' id='line_1_30' title="bbox 186 3506 775 3596; baseline -0.002 -21"><span class='ocrx_word' id='word_1_152' title='bbox 186 3513 323 3589; x_wconf 82' lang='lat' dir='ltr'>Quassas</span> <span class='ocrx_word' id='word_1_153' title='bbox 338 3506 474 3596; x_wconf 87' lang='lat' dir='ltr'>eripiunt</span> <span class='ocrx_word' id='word_1_154' title='bbox 488 3510 664 3596; x_wconf 57' lang='lat' dir='ltr'>aequoribus</span> <span class='ocrx_word' id='word_1_155' title='bbox 679 3522 775 3575; x_wconf 89' lang='lat' dir='ltr'>rates:</span> 
     </span>
     <span class='ocr_line' id='line_1_31' title="bbox 186 3611 752 3696; baseline -0.002 -20"><span class='ocrx_word' id='word_1_156' title='bbox 186 3614 324 3677; x_wconf 88' lang='lat' dir='ltr'>Ornatus</span> <span class='ocrx_word' id='word_1_157' title='bbox 339 3611 433 3676; x_wconf 85' lang='lat' dir='ltr'>viridi</span> <span class='ocrx_word' id='word_1_158' title='bbox 448 3625 588 3696; x_wconf 85' lang='lat' dir='ltr'>tempora</span> <span class='ocrx_word' id='word_1_159' title='bbox 601 3611 752 3696; x_wconf 89' lang='lat' dir='ltr'>pampino</span> 
     </span>
     <span class='ocr_line' id='line_1_32' title="bbox 187 3711 764 3779; baseline -0.003 -2"><span class='ocrx_word' id='word_1_160' title='bbox 187 3713 284 3779; x_wconf 92' lang='lat' dir='ltr'>Liber</span> <span class='ocrx_word' id='word_1_161' title='bbox 298 3725 371 3778; x_wconf 84' lang='lat' dir='ltr'>vota</span> <span class='ocrx_word' id='word_1_162' title='bbox 384 3713 481 3779; x_wconf 88' lang='lat' dir='ltr'>bonos</span> <span class='ocrx_word' id='word_1_163' title='bbox 495 3712 583 3777; x_wconf 90' lang='lat' dir='ltr'>ducit</span> <span class='ocrx_word' id='word_1_164' title='bbox 597 3713 638 3776; x_wconf 91' lang='lat' dir='ltr'>ad</span> <span class='ocrx_word' id='word_1_165' title='bbox 653 3711 764 3778; x_wconf 81' lang='lat' dir='ltr'>exitus.</span> 
     </span>
    </p>
   </div>
   <div class='ocr_carea' id='block_1_6' title="bbox 0 0 1440 5010">
    <p class='ocr_par' dir='ltr' id='par_1_12' title="bbox 0 0 1440 5010">
     <span class='ocr_line' id='line_1_33' title="bbox 0 0 1440 5010; baseline 0 4"><span class='ocrx_word' id='word_1_166' title='bbox 0 0 1440 5010; x_wconf 95' lang='lat' dir='ltr'> </span> 
     </span>
    </p>
   </div>
  </div>
 </body>
</html>
