2872 5010
452 491 694 534 nrrsronanurr
722 491 787 534 nin.
813 492 836 534 ι.
858 476 888 534 8.
909 475 940 538 9.
1133 473 1192 532 181

199 642 232 704 Si
248 641 354 719 vclles,
371 641 483 726 inquit,
499 663 605 705 verum
623 641 699 704 milri
715 664 828 726 ponere
842 662 964 704 nomen.

198 744 290 820 Quod
306 757 337 807 tc
351 766 405 827 per
421 743 557 807 Genium
573 746 776 829 dextramque
792 745 938 828 Deosque
954 746 1088 809 Penates

198 848 334 910 Obsecro
345 861 376 909 et
391 848 538 933 obtestor,
554 847 628 910 vitae
644 869 693 908 me
709 848 803 910 redde
818 846 969 928 priori.-
1152 850 1194 915 95

197 949 259 1026 Qui
275 948 367 1011 semel
382 947 502 1031 aspexit
516 963 665 1030 quantum
682 949 809 1012 dimissa
821 949 926 1032 petitis

198 1048 364 1126 Praestent,
381 1062 500 1113 mature
515 1051 631 1125 redeat,
647 1063 828 1133 repetatque
843 1050 959 1114 relicta.

198 1151 306 1215 Metiri
321 1174 354 1215 se
368 1172 520 1236 quemque
535 1173 591 1214 suo
607 1150 732 1213 modulo
747 1173 783 1213 ac
797 1151 889 1235 pede,
905 1174 1012 1216 verum
1029 1167 1086 1216 est.

514 1476 755 1540 EPISTOLA
780 1477 882 1540 VIII.

446 1670 493 1710 An
519 1667 652 1710 CELSUM
678 1666 945 1709 ALBINOVANUM.

199 1821 313 1882 Cnnso
328 1819 463 1902 gaudere
479 1833 509 1881 et
525 1818 602 1881 bene
618 1839 680 1881 rem
696 1839 802 1902 gerere
817 1818 1035 1891 Albinovano,

198 1923 294 1985 Musa
309 1934 415 2005 rogata
430 1919 519 1998 refer,
537 1920 639 1984 comiti
657 1921 827 2006 scribaeque
842 1921 988 1984 Neronis.

200 2021 234 2085 Si
250 2038 367 2106 quaeret
382 2022 457 2108 quid
473 2025 560 2108 agam
576 2049 584 2096 ;
609 2023 671 2099 dic,
688 2022 786 2086 multa
800 2034 832 2086 ct
846 2023 977 2108 pulchra
992 2023 1173 2100 minantem,

198 2125 310 2189 Vivere
325 2149 381 2190 nec
396 2139 489 2203 recte,
506 2148 563 2190 noc
578 2125 731 2189 suaviter:
758 2124 844 2188 hand
858 2126 931 2210 quia
945 2128 1065 2210 grando

200 2228 386 2291 Contuderit
401 2228 491 2304 vites,
506 2227 644 2289 oleamve
659 2227 857 2289 momorderit
873 2240 979 2305 aestus,
1176 2233 1196 2292 5

199 2331 267 2392 Nec
282 2331 355 2414 quia
370 2329 547 2413 longinquis
562 2341 736 2392 armentum
752 2339 881 2410 aegrotet
892 2327 925 2390 in
941 2328 1042 2411 agris;

201 2431 263 2494 Sed
275 2431 347 2516 quia
361 2445 464 2495 mente
480 2430 582 2493 minus
593 2429 716 2493 validus
731 2450 822 2512 qnam
840 2451 965 2514 corpore
980 2443 1055 2510 toto,

200 2532 256 2595 Nil
272 2532 379 2596 audire
394 2533 499 2608 velim,
515 2531 560 2593 nil
574 2531 687 2608 dicere,
702 2532 785 2615 quod
800 2531 882 2595 levet
898 2553 1038 2616 aegrum;

201 2635 291 2698 Fidis
306 2635 443 2699 offendar
457 2633 595 2711 medicis,
608 2633 721 2696 irascar
735 2632 851 2708 amicis,

202 2738 268 2799 Cur
282 2758 331 2800 me
346 2738 468 2799 funesto
483 2749 647 2819 properent
662 2757 764 2799 arcere
778 2747 923 2813 vetern03
1154 2738 1196 2800 10

201 2843 280 2918 Quae
297 2862 427 2903 nocuere
443 2860 563 2923 sequar,
578 2837 694 2922 fugiam
712 2860 782 2922 quae
797 2837 918 2921 profore
933 2839 1054 2902 credam
1068 2863 1077 2913 ;

200 2943 312 3005 Romae
329 2942 431 3004 Tibur
446 2963 544 3005 amem
560 2953 717 3017 ventosus,
735 2940 855 3004 Tibure
870 2941 1016 3005 Romam.

201 3045 278 3107 Post
292 3043 371 3120 haec,
388 3057 424 3107 ut
438 3044 550 3120 valeat,
566 3065 627 3127 quo
642 3055 732 3126 pacto
746 3063 811 3105 rem
827 3055 917 3134 gerat
928 3055 960 3105 et
975 3065 1026 3116 se3

201 3147 250 3210 Ut
264 3149 383 3231 placeat
398 3150 420 3210 J
422 3148 528 3220 uveni,
541 3157 731 3229 percontare,
745 3156 842 3226 utque
857 3142 987 3206 cohorti.

202 3247 237 3311 Si
252 3250 345 3326 dicet,
361 3250 478 3322 Recte3
503 3249 636 3332 primum
651 3247 804 3330 gaudere;
829 3244 960 3308 subinde
1153 3245 1194 3308 15

201 3353 397 3435 Praeceptum
414 3349 559 3414 auriculis
575 3347 633 3412 lroc
648 3346 797 3411 instillare
812 3359 983 3420 memento;

202 3454 251 3518 Ut
266 3467 301 3517 tu
314 3453 480 3528 fortunam,
497 3452 541 3516 sic
557 3465 664 3528 noste,
681 3450 784 3526 Celso,
799 3449 941 3513 feremus.

535 3788 776 3852 EPISTOLA
801 3787 865 3850 IX.

470 3973 516 4015 AI)
541 3970 721 4014 CLAUDIUM
746 3969 927 4013 NERONEM.

206 4114 405 4190 Sensimus,
423 4111 549 4186 Claudi,
566 4111 712 4175 nimirum
728 4109 876 4193 intelligit
889 4129 971 4172 unns

206 4215 322 4291 Quanti
338 4237 387 4278 me
401 4214 512 4280 facias:
538 4237 607 4279 nam
624 4236 694 4279 cum
710 4226 810 4296 rogat,
822 4223 853 4274 et
867 4231 958 4292 prece
972 4208 1067 4292 cogit,
1177 4214 1179 4220 '
