2872 5010
191 445 255 509 114
306 463 338 511 e·
361 462 508 507 norarrr
533 461 656 507 snaccr
677 463 866 510 esrumurs
888 466 957 511 su.
978 468 1005 512 1.
1022 451 1085 517 38.

234 613 297 677 Vix
311 634 374 677 una
388 635 493 698 sospes
508 612 597 678 nsvis
611 614 650 679 ab
664 613 810 698 ignibus3

232 717 435 800 Montemque
448 715 641 799 lymphatam
657 715 831 781 Mareotioo

276 816 415 900 Redegit
429 816 462 879 in
478 837 567 880 veros
582 817 708 881 timores

319 919 435 994 Cesar,
451 919 490 981 ab
506 919 601 982 Italia
616 919 770 983 volantem

233 1015 342 1079 Remis
356 1016 546 1099 adurgmnr,
565 1015 723 1098 (accipiter
738 1016 826 1081 velut
939 1049 944 1057 ·

234 1116 350 1180 Molles
364 1116 533 1193 columbas,
549 1130 604 1180 aut
618 1116 755 1200 leporem
770 1117 852 1182 citus

277 1221 413 1284 Venator
427 1217 461 1282 in
475 1217 592 1303 campis
606 1217 719 1281 nivalis

317 1320 502 1398 Emoriar)
512 1321 600 1385 daret
614 1333 650 1384 ut
665 1321 781 1385 catenis

232 1424 343 1488 Fatale
357 1436 540 1501 monstrum,
556 1445 627 1508 quse
643 1421 820 1506 generosius
885 1486 889 1491 ,

233 1521 339 1586 Perire
353 1542 506 1606 quereus,
520 1543 578 1586 nec
592 1520 781 1597 muliebriter

274 1622 415 1704 Expavit
429 1644 545 1696 ensem,
562 1644 619 1686 nee
634 1621 764 1686 latentes

317 1723 424 1787 Classe
439 1723 502 1789 cita
515 1724 668 1808 reperavit
683 1744 768 1786 oras:

229 1821 320 1888 Ausa
333 1837 365 1888 et
374 1825 529 1909 jaeentem
546 1825 644 1888 visere
659 1824 774 1907 regiam

233 1925 332 1988 Vultu
345 1946 462 2002 sereno,
477 1925 565 1988 fortis
580 1939 612 1989 et
625 1947 750 2008 asperas

276 2026 427 2089 Tractare
441 2038 611 2108 serpentes,
626 2037 661 2086 ut
676 2037 777 2087 atrurn

317 2129 452 2212 Corpore
466 2125 652 2191 combiberet
667 2146 835 2203 venenum,

232 2229 413 2294 Deliberata
426 2241 523 2292 morte
538 2227 684 2292 ferocior:

230 2331 333 2395 Sosis
349 2331 498 2396 Liburnis
513 2329 630 2394 seilicet
645 2329 798 2405 invidens,

274 2434 404 2499 Privata
418 2433 531 2498 deduci
547 2433 678 2516 superbo

316 2537 392 2600 Non
407 2534 535 2599 humilis
551 2534 662 2599 mulier
677 2532 844 2617 triumpho.

399 2967 495 3031 ODE
519 2966 737 3030 XXXVIII.
775 2965 829 3044 (u.
845 2972 963 3050 xvrrr.)

540 3141 585 3183 Ab
608 3137 821 3182 bumannum.

230 3268 397 3331 Pussrcos
420 3271 484 3346 odi,
499 3292 587 3354 puer,
603 3281 787 3354 apparatus:

228 3367 405 3451 Displicent
418 3391 506 3433 nexae
522 3369 646 3454 philyra
659 3390 799 3433 eoronae:

229 3469 325 3533 Mitte
340 3471 461 3548 sectari,
475 3491 617 3555 rosaque
632 3472 769 3535 locorum

357 3571 431 3636 Sera
445 3586 589 3636 moretur.

228 3670 369 3754 Simplici
384 3687 485 3758 myrto
499 3674 579 3739 nibil
594 3671 767 3747 adlabores,

226 3771 360 3836 Sedulus
375 3795 472 3838 ourae:
495 3797 595 3861 neque
611 3789 642 3839 te
657 3772 831 3838 ministrum

225 3874 364 3939 Dedecet
379 3888 509 3955 myrtus,
525 3898 624 3959 neque
639 3897 688 3938 me
703 3874 760 3936 sub
775 3887 858 3937 arcta

353 3974 425 4038 Vite
439 3975 605 4039 bibentem.
