2948 5422
270 484 291 542 8
596 498 626 544 α.
650 497 797 541 nonnum
822 497 946 540 rancor

275 650 432 712 Pavonem
442 646 690 732 rhombumque?
706 658 828 711 tument
839 646 896 711 tibi
908 667 978 711 cum
990 645 1131 731 inguina,
1141 668 1231 726 uum,
1241 647 1269 711 si

274 748 403 812 Ancilla
417 762 472 812 aut
487 770 580 813 verna
593 762 641 812 est
654 761 768 832 praesto
782 769 870 832 puer,
885 748 1020 831 impetus
1034 746 1068 810 iu
1081 768 1175 832 quem

276 849 433 912 Continuo
448 849 513 926 fiat,
529 848 618 911 malis
634 847 784 933 tentigine
798 848 924 933 rumpi?

276 952 349 1013 Non
364 972 441 1034 ego;
465 971 598 1034 namque
612 951 780 1032 parabilem
794 971 864 1013 amo
880 951 1042 1028 Venerem,
1057 949 1250 1036 facilemque.

277 1050 422 1126 Ullam,
439 1050 515 1113 Post
530 1049 643 1135 paulo;
669 1050 732 1114 Sed
746 1050 861 1134 pluris:
887 1050 922 1115 Si
937 1051 1046 1114 exierit
1061 1049 1127 1125 vir;
1204 1053 1270 1115 120

276 1149 378 1215 Gallis
392 1151 484 1228 hanc,
500 1151 704 1216 Philodemus
719 1151 781 1224 ait;
806 1151 876 1229 sibi,
891 1150 962 1236 que}
976 1172 1077 1235 neque
1090 1172 1205 1236 magno

277 1252 345 1315 Stet
360 1252 469 1334 pretio,
484 1274 584 1337 neque
598 1266 770 1331 cunctetur,
786 1274 856 1316 cum
871 1266 918 1316 est
926 1252 1026 1336 jussa,
1042 1252 1165 1317 venire:

276 1352 420 1417 Candida
432 1366 577 1439 rectaque
591 1353 651 1427 sit;
675 1354 792 1417 munda
805 1353 965 1431 hactenus,
982 1366 1017 1416 ut
1032 1373 1132 1437 neque
1146 1352 1240 1437 louge

276 1453 344 1516 Nec
359 1453 457 1536 magis
472 1455 541 1519 alba
557 1454 643 1531 velit,
657 1476 749 1539 quam
764 1456 819 1519 det
832 1468 954 1532 natura,
970 1453 1081 1516 videri.

277 1554 358 1617 Haec
373 1554 426 1618 ubi
442 1556 605 1639 supposuit
620 1557 760 1620 dextrum
778 1577 888 1640 corpus
903 1553 979 1618 mihi
994 1553 1085 1629 laevo,
1204 1553 1268 1615 125

276 1653 339 1719 Ilia
352 1667 384 1719 et
400 1653 531 1739 AEgeria
545 1669 608 1719 est:
632 1657 673 1720 do
688 1678 800 1721 nomen
815 1656 976 1742 quodlibet
990 1654 1047 1717 illi.

275 1755 307 1818 N
310 1777 345 1818 eo
359 1776 476 1829 vereor,
494 1758 622 1821 nedum
637 1756 740 1833 futuo,
756 1757 804 1820 vir
819 1778 890 1820 rure
903 1769 1051 1832 recurrat,

273 1856 298 1917 J
300 1878 380 1921 unua
393 1856 565 1940 frangatur,
580 1858 672 1921 latret
686 1859 783 1935 canis,
798 1858 936 1942 undique
950 1879 1062 1941 magno

275 1955 375 2019 Pulsa
389 1956 500 2019 domus
514 1957 645 2040 strepitu
659 1972 791 2035 resonet,
807 1959 963 2041 vepallida
978 1959 1058 2021 lecto
1108 1995 1127 2015 κ

274 2057 409 2121 Desiliat
424 2057 546 2135 mulier,
562 2058 703 2122 miserem
719 2081 752 2122 se
767 2059 889 2122 conscia
904 2060 1034 2135 clamet,
1203 2059 1268 2121 130

275 2156 425 2221 Cruribus
440 2156 508 2222 hsec
523 2171 652 2235 metuat,
667 2159 732 2223 doti
748 2159 910 2242 deprensa,
926 2174 1049 2243 egomet
1063 2160 1117 2225 mi.

275 2257 438 2323 Discincta
453 2260 558 2325 tunica
570 2260 754 2345 fugiendum
771 2276 828 2339 est,
844 2284 880 2326 ae
894 2263 974 2346 pede
987 2263 1083 2339 nudo,

276 2362 327 2425 Ne
341 2361 459 2424 nummi
474 2376 612 2445 pereant,
628 2375 682 2425 aut
696 2384 790 2446 pyga,
807 2377 861 2427 sut
875 2363 1008 2448 denique
1021 2363 1112 2427 fama.

276 2463 439 2548 Deprendi
455 2463 600 2528 miserum
615 2478 678 2527 est:
702 2463 803 2527 Fabio
818 2464 867 2528 vel
877 2464 985 2548 judice
998 2465 1130 2529 vincam.

633 2873 816 2939 SATIRA
840 2876 911 2937 111.

274 3067 436 3128 Ouuruuo
449 3061 508 3125 hoc
524 3059 633 3125 vitium
649 3074 696 3123 est
711 3057 898 3136 cantoribus,
914 3058 994 3123 inter
1009 3059 1122 3122 amicos

275 3167 323 3229 Ut
336 3185 493 3248 nunquam
509 3162 657 3226 inducant
671 3160 808 3231 animum
825 3173 948 3225 cantare
963 3162 1082 3245 rogati3

276 3266 393 3350 lnjussi
409 3285 564 3348 uunquam
580 3262 738 3327 desistant.
787 3264 903 3328 Sardus
920 3261 1054 3327 habebat

275 3367 336 3431 llle
351 3364 508 3449 Tigellius
522 3365 591 3429 hoc.
636 3366 752 3439 Caessr,
768 3363 821 3447 qui
837 3385 945 3446 cogere
960 3377 1074 3446 posset,

276 3467 309 3530 Si
326 3479 444 3549 peteret
458 3487 514 3549 per
527 3464 694 3529 amicitiam
709 3464 806 3547 patris
820 3478 913 3548 atque
928 3487 1025 3541 suum,
1041 3486 1104 3529 nou
1247 3467 1267 3525 5

275 3565 447 3648 Quicquam
463 3565 640 3648 proliceret:
665 3564 691 3628 si
706 3565 906 3643 collibuisset,
922 3568 961 3631 ab
976 3590 1033 3631 ovo

275 3668 385 3751 Usque
400 3667 439 3729 ad
455 3667 536 3730 mala
550 3668 676 3734 citaret:
704 3668 740 3729 lo
757 3669 898 3733 Bacche!
923 3670 1014 3733 modo
1029 3690 1149 3732 summa

278 3767 369 3842 Voce,
385 3768 476 3828 modo
490 3767 560 3844 hac,
575 3782 698 3831 resonat
712 3791 781 3852 quse
796 3769 919 3836 chordis
934 3784 1079 3854 quattuor
1093 3770 1162 3835 ima.

275 3868 331 3932 Nil
346 3867 464 3950 aequale
478 3865 596 3929 homini
610 3869 670 3929 fuit
685 3868 749 3931 illi:
775 3891 858 3951 saepe
873 3868 958 3933 velut
972 3871 1026 3954 qui

276 3970 428 4032 Currebat
443 3967 565 4049 fugiens
580 3967 719 4039 hostem;
744 3990 881 4051 persaepe
896 3970 983 4033 velut
998 3973 1051 4054 qui
1226 3978 1268 4039 10

274 4071 410 4134 lunonis
426 4091 510 4131 sacra
525 4069 636 4141 ferret;
661 4067 794 4132 habebat
810 4091 892 4152 saepe
907 4071 1066 4150 ducentos,

276 4175 365 4257 Saepe
380 4173 486 4236 decom
504 4192 624 4235 servos:
649 4171 740 4234 modo
755 4192 842 4254 reges
856 4185 948 4257 atquc
963 4175 1140 4253 tetrarchas,
