2872 5010
516 465 708 510 saansaan
731 465 799 510 nra.
824 468 849 509 r.
871 445 902 507 8.

212 637 287 699 Huc
301 632 388 719 prius
401 632 541 718 angustis
551 632 650 718 ejecta
664 633 814 697 cadavera
829 630 917 696 cellis

213 738 389 802 conservus
402 734 463 797 vili·
473 736 627 818 portanda
640 735 763 800 locabat
779 735 811 796 in
827 749 907 798 arca.

215 840 287 903 Hoc
301 838 422 902 miserae
435 836 520 922 plebi
536 837 637 902 stabat
648 858 813 902 commune
826 834 1013 921 septrlcmm,

215 940 387 1005 Pantolabo
403 960 528 1015 scurrae,
546 940 804 1024 Nomentanoque
817 938 934 1023 nepoti.

216 1043 309 1107 Mille
324 1042 419 1127 pedes
433 1041 466 1105 in
479 1040 594 1117 fronte,
610 1054 763 1105 trecentos
777 1040 887 1126 cippus
900 1040 934 1103 in
949 1060 1056 1126 agrum

216 1143 280 1208 Hic
292 1145 407 1216 dabat;
431 1142 570 1207 haeredes
585 1155 819 1207 monumentum
834 1164 874 1208 ne
891 1155 1077 1228 sequeretur.

216 1249 310 1312 Nunc
326 1247 398 1310 licet
413 1245 567 1330 Esquiliis
581 1245 721 1310 habitare
736 1244 920 1323 salubribus,
932 1257 1026 1329 atque

215 1351 338 1432 Aggere
353 1348 385 1411 in
400 1347 504 1432 aprico
519 1346 658 1430 spatiari,
673 1368 734 1431 qua
749 1346 841 1409 modo
856 1346 959 1410 tristes
984 1423 987 1429 Δ

216 1451 310 1514 Albis
326 1449 487 1513 informem
503 1449 684 1532 spectabant
698 1447 817 1510 ossibus
830 1468 950 1532 agrum.

217 1552 298 1616 Cum
314 1551 390 1614 milri
407 1572 469 1613 non
485 1563 607 1613 tantum
619 1548 764 1632 furesque
777 1548 912 1632 feraeque
927 1558 1025 1612 suetoe

218 1656 316 1716 Hunc
331 1672 442 1715 vexare
457 1650 571 1726 locum,
586 1671 669 1713 curae
684 1662 757 1713 sunt
770 1662 863 1734 atque
877 1649 986 1725 labori,

218 1755 390 1830 Quantum,
413 1749 600 1814 carminibus
616 1772 686 1834 quae
700 1764 823 1814 versant
837 1763 929 1834 atque
944 1751 1070 1814 venenis

185 1875 188 1879 ·
219 1854 384 1917 Humanos
399 1850 541 1916 animos:
565 1850 622 1916 has
637 1851 724 1915 nullo
738 1852 866 1936 perdere
879 1870 1017 1936 possum,

219 1955 288 2018 Nec
302 1953 466 2038 prohibere
480 1953 583 2031 modo,
598 1952 728 2018 simulac
742 1974 822 2038 vaga
832 1953 908 2018 luna
921 1953 1068 2018 decorum

221 2055 358 2119 Protulit
372 2077 417 2134 os,
433 2055 508 2141 quin
523 2076 591 2120 ossa
605 2056 722 2142 legant,
734 2055 905 2142 herbasque
916 2067 1071 2120 nocentes.

223 2156 294 2220 Vidi
309 2170 431 2242 egomet
444 2157 534 2240 nigra
548 2157 736 2222 succinctam
751 2158 863 2222 radere
877 2157 962 2242 palla

220 2258 397 2336 Canidiam,
411 2259 544 2342 pedibus
554 2259 659 2333 nudis,
675 2279 827 2344 passoque
841 2258 964 2344 capillo,
1054 2284 1058 2289 ·

222 2361 304 2424 Cum
321 2363 448 2446 Sagana·
457 2360 573 2445 majore
586 2359 780 2424 ululantem:
805 2360 906 2445 pallor
915 2373 1062 2448 utrasque

224 2466 356 2528 Fecerat
369 2462 538 2528 horrendas
549 2473 686 2546 semoto.
731 2460 875 2546 Scalpere
886 2474 998 2528 terram

222 2565 403 2650 Unguibus,
415 2576 447 2629 et
460 2564 578 2654 pullam
592 2563 742 2628 divellere
756 2563 912 2628 mordicus
921 2582 1032 2650 agnam

224 2670 417 2753 Coeperunt;
441 2686 532 2731 crum
545 2667 578 2731 in
593 2666 707 2732 fossam
723 2665 881 2745 contlrsns,
895 2680 933 2732 nt
946 2667 1021 2733 inde

222 2769 337 2833 Manes
351 2768 507 2848 elicerent,
524 2769 641 2834 animas
660 2789 805 2854 responsa
818 2768 955 2834 daturas.

222 2872 330 2935 Lsnea
346 2886 376 2934 et
391 2870 509 2955 effigies
523 2884 599 2950 crat,
608 2872 707 2959 altera
717 2891 824 2942 cereat
846 2872 944 2958 major

222 2974 341 3050 Lanea,
354 2992 424 3057 quoe
438 2973 540 3057 poenis
551 2988 756 3059 compesceret
769 2971 954 3038 inferiorem.

223 3076 321 3138 Cerea
336 3074 516 3158 suppliciter
529 3077 641 3154 stabat,
656 3075 820 3140 servilibus
833 3088 870 3139 ut
884 3095 956 3160 quae

222 3177 245 3238 J
247 3196 297 3240 sm
312 3177 448 3260 peritura
458 3178 566 3242 modis
613 3180 757 3243 Hecaten
772 3191 863 3242 vocat
873 3177 969 3243 altera
978 3200 1104 3259 saevam,

223 3274 331 3341 Altera
348 3277 565 3363 Tisiphonen:
590 3293 746 3364 serpentes
761 3292 853 3365 atque
867 3279 987 3345 videres

225 3377 369 3442 Infernas
384 3400 484 3444 errare
498 3403 600 3460 canes,
614 3382 782 3467 lunamque
796 3382 968 3462 rubentem,
1169 3388 1215 3452 35*

224 3480 275 3543 Ne
289 3479 369 3545 foret
382 3481 545 3562 histestis,
559 3499 630 3569 post
644 3506 756 3570 magna
770 3484 866 3549 latere
881 3485 1030 3569 scpulcra.

224 3584 365 3648 Mentior
378 3585 445 3650 atsi
460 3586 547 3671 quid,
561 3586 674 3650 merdis
689 3597 783 3669 caput
796 3585 940 3670 inquiner
955 3585 1032 3650 albis

224 3685 416 3760 Corsorum
440 3701 533 3773 atque
547 3688 579 3752 in
594 3710 645 3753 me
656 3687 761 3752 veniat
774 3685 902 3750 mictum
914 3700 1006 3774 atque
1020 3703 1159 3756 cacatum

223 3785 331 3850 Julius
346 3801 378 3850 et
386 3787 506 3874 fragilis
523 3789 677 3867 Pediatia,
688 3790 799 3875 furque
814 3790 965 3856 Voranus.

225 3886 356 3971 Singula
371 3890 446 3974 quid
460 3897 651 3955 memorem?
674 3913 735 3976 quo
750 3905 841 3976 pacto
855 3892 973 3959 alterna
987 3894 1146 3980 loquentes
1173 3899 1215 3962 40

224 3989 357 4053 Umbrae
371 4013 441 4055 cum
458 3994 581 4079 Sagana
596 3990 768 4060 resonairint
784 3994 872 4071 triste
887 4009 919 4059 et
932 4009 1074 4071 acutum

223 4092 332 4178 thue
347 4093 414 4179 lupi
429 4096 554 4160 barbam
567 4097 660 4162 variae
676 4118 745 4163 cum
758 4098 851 4161 dente
865 4098 1000 4164 colubra

224 4197 412 4262 Abdiderint
422 4197 529 4263 furtim
546 4200 655 4273 terris3
679 4214 711 4263 ct
725 4199 861 4282 imagine
871 4222 958 4265 cerco
