2872 5010
495 505 684 550 caanrnun
709 507 775 549 un.
799 507 823 550 1.
846 486 964 551 2526.

279 652 351 715 Non
366 651 444 716 lenis
460 657 601 737 precibus
615 656 680 720 fata
693 655 864 733 recludere,

279 754 379 838 Nigro
393 755 576 840 compulerit
594 757 771 821 Mercurius
784 757 882 842 gregi.

277 855 400 919 Durum
411 880 423 919 :·
444 878 507 920 sno
524 857 624 922 levius
638 855 674 921 fit
689 858 849 941 patientia,

450 959 606 1043 Quicquid
622 960 772 1043 corrigere
787 973 834 1024 est
850 958 947 1024 nefas.

503 1228 598 1291 01)ss
623 1227 739 1291 XXV.
785 1224 838 1303 (rr.
855 1231 971 1311 xv111.)

625 1366 672 1408 AD
693 1365 841 1409 Lvnran.

278 1463 430 1525 Parcius
446 1461 573 1545 junctas
588 1462 735 1545 quatiunt
748 1462 897 1526 fenestras

280 1564 399 1627 Ictibus
415 1562 529 1627 crebris
545 1563 679 1648 juvenes
693 1563 841 1646 protervi,

278 1666 346 1728 Nec
361 1662 417 1727 tibi
432 1685 555 1727 somnos
570 1662 731 1736 adimunt;
756 1674 900 1747 amatque

450 1766 473 1828 J
476 1786 557 1828 anua
572 1764 677 1840 limen,

278 1870 358 1944 Quae
372 1865 458 1950 prius
473 1867 605 1930 multum
621 1864 721 1930 facilis
737 1866 879 1929 movebat

279 1970 448 2034 Cardines:
473 1969 562 2034 audis
578 1968 680 2032 minus
696 1980 727 2032 et
742 1967 845 2030 minus
861 1967 941 2052 jam,

278 2074 334 2137 Me
349 2087 402 2137 tuo
417 2073 526 2156 longas
541 2083 689 2155 pereunte
704 2083 821 2146 noctes,

449 2173 566 2257 Lydia,
581 2171 697 2235 dormis
709 2174 731 2239 Ρ,

280 2274 420 2337 Invicem
436 2272 575 2336 moechos
590 2293 667 2335 anus
682 2283 859 2353 arrogantes

281 2373 388 2437 Flebis
404 2372 435 2436 in
451 2372 516 2436 solo
531 2371 608 2437 levis
623 2372 800 2456 angiportu,

282 2473 421 2538 Thracio
436 2472 607 2538 bacchante
622 2471 720 2558 magis
736 2472 794 2535 sub
809 2471 903 2537 iuter·

452 2573 539 2638 lunia
554 2586 663 2636 vento:

282 2681 363 2741 Cum
379 2675 437 2740 tibi
454 2674 586 2760 flagrans
601 2695 697 2750 amor,
713 2686 745 2738 et
760 2674 857 2739 libido

281 2782 360 2857 Quae
375 2778 453 2842 solet
468 2790 581 2842 matres
594 2776 710 2840 furiare
724 2797 883 2862 equorum,

282 2880 396 2945 Saeviet
411 2879 492 2943 circa
509 2879 600 2964 jecur
614 2879 805 2952 ulcerosum

452 2981 524 3045 Non
540 2980 607 3044 sine
621 2994 744 3068 questu,

281 3082 373 3148 Laeta
387 3083 470 3168 quod
485 3084 583 3169 pubes
598 3082 711 3147 hedera
727 3082 845 3148 virente

196 3206 211 3231 ·
253 3251 257 3258 ,
282 3185 427 3249 Gaudeat
442 3183 529 3269 pulla
545 3184 643 3268 magis
658 3199 751 3269 atque
767 3199 867 3269 myrto
878 3211 901 3262 ς,

283 3285 398 3349 Aridus
412 3284 536 3348 frondes
553 3285 687 3368 Hyemis
702 3285 799 3349 sodali

457 3385 592 3450 Dcdicet
607 3387 703 3451 Euro.

505 3621 603 3684 ODE
627 3620 765 3686 XXVI.
791 3624 859 3702 ,(ω.
877 3625 961 3704 xrx.)

594 3764 642 3810 ouv
656 3765 740 3808 atro
756 3766 882 3811 usura.

282 3873 395 3935 Mosrs
411 3870 541 3947 amicus,
558 3870 714 3935 tristitiam
730 3885 761 3936 et
777 3888 877 3939 metus

283 3973 420 4037 Tradam
437 3973 589 4058 protervis
603 3972 635 4035 in
652 3995 735 4038 mare
751 3975 910 4042 Creticum

327 4070 455 4138 Portare
471 4074 593 4148 ventis3
618 4075 705 4160 queis
720 4078 778 4141 sub
793 4079 893 4143 Arcto

372 4177 442 4240 Res
456 4175 568 4260 gelidae
584 4190 825 4253 mercatorem,
