2872 5010
289 450 332 513 36
603 475 633 518 c.
659 467 807 514 nouauit
835 471 956 514 rnncct

280 641 388 723 Atque
403 638 506 702 acidas
522 640 758 703 mavultinulas.
804 640 947 704 Necdum
964 640 1064 704 omnia
1078 642 1187 706 ubscta

279 741 448 825 Pauperies
462 741 562 824 epulis
576 764 702 826 regum:
727 763 797 805 nam
808 742 921 805 vilibus
936 741 1003 806 ovis
1231 747 1276 808 45

284 843 453 928 Nigrisquc
469 861 516 906 est
531 844 608 906 oleis
623 843 716 907 hodie
727 845 823 907 locus.
871 845 971 908 Haud
986 844 1031 909 ita
1044 844 1163 930 pridem

282 944 411 1007 Galloni
424 945 574 1027 praeconis
589 960 654 1008 erat
677 945 853 1029 acipensere
867 967 972 1009 mensa

281 1045 431 1108 Infamis:
455 1046 554 1130 quid?
570 1061 636 1109 tum
653 1045 797 1110 rhombos
812 1048 915 1111 minus
929 1070 1035 1134 sequor
1049 1049 1175 1113 alebnt?

278 1148 382 1210 Tutus
397 1162 461 1211 erat
475 1148 634 1223 rhombus,
658 1162 787 1233 tutoque
803 1150 920 1214 ciconia
935 1151 1020 1228 nido,

279 1253 389 1315 Donec
405 1273 458 1313 vos
474 1267 580 1313 auctor
593 1251 700 1314 docuit
715 1251 887 1333 praetorius.
926 1254 1013 1337 Ergo
1227 1257 1274 1317 50

281 1353 315 1415 Si
330 1354 399 1438 quis
414 1374 497 1417 nunc
513 1375 632 1434 mergos
647 1375 755 1416 suaves
771 1353 905 1417 edixerit
916 1377 1013 1433 assos,

279 1456 404 1519 Parebit
418 1456 505 1539 pravi
521 1455 630 1519 docilis
647 1456 790 1518 Romana
799 1456 960 1539 juventus.

278 1558 428 1621 Sordidus
444 1580 463 1621 a
478 1558 563 1621 tenui
580 1557 665 1620 victu
678 1558 817 1635 distabit,
835 1558 939 1622 Ofello

277 1661 410 1724 Judice:
435 1683 505 1724 nam
521 1660 635 1724 frustra
652 1660 760 1723 vitium
778 1661 924 1725 vitaveris
938 1661 1030 1739 illud,

278 1763 311 1826 si
328 1776 359 1827 te
373 1763 434 1827 ulio
449 1785 578 1846 pravum
602 1763 776 1826 detorseris.
824 1764 1011 1841 Avidienus,
1229 1770 1273 1830 55

278 1863 341 1930 Cui
357 1865 454 1929 Canis
469 1888 506 1927 ex
521 1887 593 1927 vero
608 1864 736 1927 ductum
753 1887 925 1948 cognomen
940 1866 1090 1946 adhaeret,
1163 1892 1170 1908 .

277 1967 500 2052 Quinquennes
515 1966 596 2028 oleas
612 1979 670 2041 est,
680 1979 711 2028 et
727 1966 881 2030 silvestria
896 1989 1006 2040 corna;

278 2075 336 2146 Ac,
352 2069 411 2132 nisi
427 2081 592 2145 mutatum,
607 2067 708 2151 parcit
722 2067 893 2132 defundere
908 2070 1039 2147 vinum;
1067 2086 1098 2135 et

280 2169 380 2256 Cujus
395 2172 518 2235 odorem
534 2170 595 2234 olei
607 2192 740 2255 nequeas
755 2170 889 2254 perferre
907 2168 1030 2247 (licebit

278 2276 340 2341 Ille
353 2274 481 2361 repotia,
496 2274 625 2350 natales,
642 2274 757 2338 aliosve
772 2273 892 2338 dierum

279 2376 390 2440 Festos
404 2374 526 2439 albatus
542 2374 685 2452 celebret)
703 2395 798 2436 cornu
813 2373 880 2458 ipse
894 2373 996 2440 bilibri

277 2479 429 2542 Caulibus
444 2477 585 2555 instillat,
602 2476 714 2540 veteris
729 2499 789 2540 non
806 2499 918 2561 parcus
934 2477 1023 2541 aceti.

276 2579 370 2657 Quali
381 2579 478 2662 igitur
493 2578 578 2641 victu
593 2579 716 2662 sapiens
728 2578 853 2642 utetur?
877 2595 908 2643 et
923 2578 1033 2642 horum

277 2682 393 2744 Utrum
409 2679 602 2743 imitabitur?
630 2681 702 2742 Hac
717 2694 831 2763 urguet
846 2682 949 2764 lupus,
964 2680 1023 2744 hac
1038 2683 1134 2760 canis,
1150 2681 1248 2747 aiunt.

273 2782 416 2847 Mundus
431 2781 500 2856 erit,
516 2780 569 2863 qui
584 2802 646 2841 non
657 2780 794 2844 oll'endat
808 2782 961 2856 sordidus,
978 2795 1070 2864 atque
1224 2782 1268 2848 65

277 2887 316 2950 Iu
332 2895 470 2947 neutram
488 2893 606 2964 partem
623 2880 725 2943 cultus
740 2881 851 2944 miser:
877 2881 928 2944 hic
944 2902 1043 2963 neque
1054 2882 1160 2957 servis,

275 2986 389 3052 Albuti
404 2983 485 3047 senis
500 2981 652 3066 exemplo,
669 2982 743 3044 dum
760 2981 866 3044 munia
881 2981 973 3055 didit,
1137 2982 1145 2991 ’

274 3093 385 3157 Saevus
400 3088 476 3160 erit;
500 3107 611 3170 neque,
627 3085 708 3148 sicut
730 3084 861 3167 simplex
877 3082 1018 3160 Naevius,
1034 3097 1159 3147 unctam

273 3191 423 3258 Convivis
437 3188 588 3274 praebebit
602 3209 732 3273 aquam:
757 3186 867 3250 vitium
884 3186 943 3250 hoc
953 3207 1075 3271 quoque
1090 3208 1246 3271 magnum.

273 3294 395 3378 Accipe
408 3314 503 3368 nunc,
519 3290 619 3354 victus
636 3290 737 3353 tenuis
753 3311 824 3373 quac
840 3304 1018 3374 quantaque
1033 3311 1137 3353 secum
1225 3289 1268 3371 70

273 3396 401 3462 Afferat.
447 3396 486 3459 In
503 3391 609 3478 primis
625 3392 727 3455 valeas
742 3392 840 3463 bene;
866 3413 936 3454 uam
953 3392 1047 3454 vuriae
1058 3414 1106 3455 rea

273 3503 323 3568 Ut
337 3511 468 3564 noceant
482 3496 612 3569 homini,
628 3496 745 3573 credas,
763 3517 880 3561 memor
895 3496 980 3560 illius
995 3519 1085 3574 escoe,

276 3606 355 3682 Quae
370 3599 501 3684 simplex
515 3598 588 3661 olim
606 3598 661 3661 tibi
678 3600 809 3663 sederit:
834 3613 867 3663 at
883 3598 975 3662 simul
992 3599 1069 3663 assis

274 3703 439 3770 Miscueris
450 3701 543 3778 elixa,
559 3701 651 3764 simul
666 3702 828 3788 conchylia
842 3703 962 3773 turdis;

274 3805 391 3874 Dulcia
406 3827 438 3868 se
452 3805 485 3867 in
500 3803 593 3867 bilem
606 3819 738 3882 vertent,
755 3804 973 3890 stomachoque
989 3803 1158 3868 tumultum
1224 3805 1267 3887 75

274 3912 378 3977 Lenta
392 3907 470 3971 feret
485 3904 608 3990 pituita.
656 3908 751 3970 Vides
766 3922 802 3971 ut
816 3907 952 3991 pallidus
967 3907 1067 3968 omnis

273 4014 375 4080 Coeua
389 4011 535 4092 desurgat
550 4008 666 4072 dubia?
714 4010 797 4085 Quin
814 4029 924 4092 corpus
940 4023 1085 4072 onustum

273 4103 439 4180 Hesteruis
453 4110 538 4174 vitiis
552 4110 689 4174 animum
706 4132 827 4194 quoque
842 4126 1018 4195 praegravat
1033 4134 1106 4189 una,

272 4221 380 4302 Atque
395 4211 516 4297 adfligit
529 4212 626 4277 humo
639 4211 757 4276 divinae
772 4211 955 4297 particulam
972 4236 1066 4277 aurae.
