2872 5010
282 494 302 549 ⁶
606 506 637 553 u.
662 506 805 553 ttonarrr
834 506 954 549 Μαι

281 660 376 721 llunc
391 658 621 740 perminxerunt
636 656 775 717 calones:
793 654 867 737 quiu
884 654 975 717 etiam
992 654 1071 719 illud
1212 726 1219 739 ·

280 759 418 833 Accidit,
434 771 470 821 ut
484 758 608 841 quidam
626 772 718 820 testes
733 756 923 839 caudamque
939 757 1068 820 salacem
1230 762 1274 823 45

280 863 457 924 Demeterct
472 860 595 922 l'errnm.
641 860 721 921 ‚lure
736 880 858 921 omnes:
876 858 979 923 Galba
993 860 1136 943 negabat.

279 962 394 1026 Tutior
408 976 440 1025 at
455 974 570 1046 quanto
585 982 672 1022 mers
689 974 734 1023 est
750 960 781 1021 in
797 959 893 1022 classe
908 961 1062 1024 secunda!

280 1064 509 1127 Libertinarum
526 1064 607 1138 dico,
625 1062 790 1125 Sallustius
806 1062 838 1123 in
853 1084 929 1145 quaa

280 1166 351 1227 Non
368 1164 470 1226 minus
485 1164 610 1237 insanit,
626 1186 717 1247 qurun
734 1163 786 1247 qui
802 1164 992 1227 mrcchatur:
1008 1180 1041 1230 at
1055 1165 1107 1229 hic
1122 1168 1160 1241 ai,

279 1270 349 1343 Qua
366 1288 422 1339 res,
439 1288 500 1349 qua
514 1266 593 1328 ratio
608 1265 761 1341 sumeret,
777 1287 897 1349 quaque
911 1268 1049 1331 modeste
1228 1274 1275 1333 50

280 1366 434 1453 Munilieo
449 1389 514 1429 esse
529 1366 612 1437 licet,
629 1366 722 1428 vellet
737 1367 835 1429 bonus
849 1382 942 1450 atque
957 1369 1111 1453 benignus

280 1472 378 1541 Essc3
396 1470 483 1531 daret
497 1483 646 1551 ‹prantnm
664 1468 737 1531 satis
752 1482 842 1541 esset,
858 1490 915 1531 nen
931 1470 989 1533 sibi
1004 1471 1119 1535 damno

283 1571 493 1653 Dedecoriquc
508 1570 603 1631 foret:
623 1591 726 1631 verum
743 1569 801 1631 lioc
817 1594 849 1631 se
863 1572 1060 1653 amplectitur
1074 1596 1154 1636 uuo:

279 1672 352 1733 Hoc
367 1686 460 1743 amat,
477 1670 535 1734 linc
550 1670 676 1741 laudnt3
695 1674 872 1733 illationum
889 1671 1005 1735 nullam
1022 1696 1080 1757 ego
1095 1688 1207 1759 tango:

282 1773 328 1835 Ut
342 1774 495 1855 quondam
514 1774 677 1835 Marsaeus.
693 1789 811 1834 ornator
826 1772 976 1855 Originis.
993 1774 1045 1838 ille
1227 1780 1271 1839 ⁵5

280 1873 342 1950 Qui
357 1874 490 1955 patrium
507 1874 610 1933 mimae
626 1874 720 1935 donat
735 1873 928 1955 fundumque
943 1874 1109 1959 laremque,

279 1974 336 2036 Nil
350 1973 444 2036 fuerit
459 1976 514 2047 mi,
529 1973 639 2055 inquit,
656 1994 725 2034 cum
743 1973 888 2034 uxoribus
903 1996 1038 2059 unquam
1054 1977 1183 2041 alienia:

282 2075 394 2137 l'erum
410 2088 456 2135 est
472 2094 540 2136 cum
557 2074 670 2141 mimis,
686 2087 732 2135 est
748 2095 816 2135 cum
833 2076 1061 2151 meretricibus;
1077 2081 1160 2145 unde

280 2176 377 2237 Fama
393 2174 506 2237 malum
522 2176 658 2257 pravius,
674 2196 765 2257 quam
781 2198 830 2237 res
846 2177 958 2242 trabit:
975 2202 1014 2243 an
1032 2182 1088 2247 tibi
1104 2184 1228 2247 abunde

279 2276 443 2339 Personam
460 2278 534 2339 satis
549 2292 606 2352 est,
622 2298 682 2338 non
699 2276 777 2337 illud
792 2276 939 2361 quicquid
954 2281 1069 2365 ubique
1226 2284 1273 2348 6⁰

278 2376 395 2449 Officia,
412 2378 548 2441 evitare?
565 2380 675 2441 bonum
692 2378 858 2460 deperdere
872 2379 997 2457 famam,

279 2478 360 2540 Rem
376 2479 472 2560 patris
487 2480 644 2553 oblimare,
661 2480 775 2542 madum
792 2494 838 2543 cst
853 2482 1040 2567 ubicunque.
1078 2486 1161 2563 Quid
1176 2485 1270 2549 inter-

278 2580 338 2640 Est
352 2579 384 2640 iu
400 2595 549 2652 matrona,
565 2580 687 2645 ancilla,
703 2602 849 2659 peccesne
864 2588 989 2661 togata?

279 2677 392 2741 Villius
407 2678 438 2739 in
457 2681 573 2741 Fausta
587 2678 684 2741 Sullae
698 2700 803 2757 gener,
821 2678 878 2739 lruc
893 2681 985 2742 miser
1000 2704 1062 2743 uno

277 2778 412 2840 Nomine
427 2781 584 2858 deceptus,
600 2797 708 2857 proerras
723 2776 809 2836 dedit
824 2798 922 2857 usque
937 2801 1090 2862 superque
1226 2786 1271 2851 65

276 2882 375 2956 Quam
392 2879 465 2941 satis
479 2891 542 2947 est;
561 2875 674 2959 pugnis
690 2896 797 2949 creans,
813 2876 953 2959 ferroque
967 2879 1094 2960 petitus,

276 2972 429 3038 Exclusus
443 2974 519 3049 fore,
535 2994 603 3036 cum
622 2973 824 3055 Longarenus
840 2974 918 3037 soret
933 2974 1027 3037 intus.

274 3076 361 3139 Huic
376 3076 401 3139 si
416 3075 552 3138 mutonis
568 3075 668 3138 verbis
684 3074 764 3137 mala
779 3088 865 3139 tanta
879 3076 1013 3140 videntia

243 3208 246 3213 ·
275 3177 402 3240 Diceret
417 3177 485 3241 lucc
500 3179 639 3249 animum
659 3176 744 3255 Quid
760 3177 807 3239 vis
823 3177 902 3241 tibi?
918 3180 1059 3263 nunqnid
1074 3204 1132 3265 ego
1147 3206 1165 3246 a
1181 3201 1211 3247 te

274 3280 393 3361 Magno
409 3295 592 3363 prognatum
609 3282 740 3363 deposco
755 3281 881 3345 consule
896 3304 1043 3356 cunnum,
1225 3286 1269 3365 70

275 3382 478 3465 l'elatumquc
494 3383 582 3456 stola,
599 3404 666 3444 mea
682 3403 750 3443 cnm
767 3383 939 3445 conferbuit
953 3383 1021 3445 ira?

273 3481 358 3558 Quid
373 3485 593 3565 responderet?
613 3482 731 3565 Magno
745 3497 832 3566 patre
846 3496 919 3546 natu
934 3484 1038 3565 puella
1052 3498 1108 3546 cst.

273 3586 449 3667 Aequana
465 3584 591 3647 meliora
607 3598 721 3659 monet,
737 3584 970 3667 pugnantiaque
984 3584 1062 3657 istis,

272 3684 371 3746 Dives
385 3684 452 3767 opis
467 3700 578 3749 natura
593 3708 669 3761 sure,
685 3686 710 3747 si
727 3698 761 3747 tu
777 3685 868 3747 modo
882 3696 965 3745 recte

269 3782 458 3866 Dispensare
474 3786 560 3859 velis,
578 3810 613 3849 ac
627 3808 687 3848 non
703 3785 851 3867 fugienda
865 3783 1006 3865 petendis

272 3886 465 3948 lmmiscere!
484 3888 557 3947 Tuo
572 3886 660 3958 vitio,
675 3904 827 3957 rerumne,
844 3884 973 3955 labores,

268 3986 325 4049 Nil
340 3985 451 4048 referre
466 3989 580 4067 putas?
597 3988 699 4060 Quare
714 4004 753 4044 ne
769 3982 918 4063 poeniteat
935 3997 981 4044 te:

269 4087 386 4151 Desine
400 4100 554 4149 matronas
570 4084 722 4159 sectarier,
740 4083 822 4145 unde
837 4082 948 4146 laboris

269 4189 345 4251 Plus
361 4188 484 4252 lraurirc
500 4189 572 4251 mali
589 4204 646 4253 cst.
662 4208 752 4271 quarn
769 4208 807 4249 ex
821 4208 854 4249 rc
870 4186 1032 4273 decerpere
1047 4192 1176 4253 fructus.
