2948 5422
220 447 283 526 190
520 465 551 511 s.
575 461 724 505 uouasrr
749 458 868 505 resecr

221 617 328 694 Dicat,
343 629 375 680 et
396 614 446 687 his
460 614 563 679 verbis
579 634 691 678 vacuas
705 609 896 696 permutasse
908 630 1017 687 ms

221 720 244 751 “
255 720 345 781 Tene
361 717 458 801 magis
473 717 592 783 salvum
607 713 746 800 populus
756 711 844 792 vdit,
859 734 900 783 an
914 715 1065 799 populum
1081 729 1130 794 tu,

222 821 244 852 “
259 822 367 887 Servet
385 819 418 884 in
432 819 588 904 ambiguo.
599 816 658 902 φὶ
669 815 804 882 mantis
817 830 851 880 st
864 816 923 881 tibi
938 829 971 889 et
983 817 1066 897 urbi,

224 925 245 963 “
258 924 281 985 J
284 922 428 1006 upiter'';
451 918 590 1004 Augusti
603 917 711 985 inies
726 939 891 1001 agnosoere
905 919 1012 1003 possis.

223 1026 305 1088 Cum
321 1020 571 1108 prosapias
586 1021 958 1104 amendatusqnsvoosri,
1177 1025 1225 1088 30

223 1123 447 1210 Respondssne
460 1137 526 1201 tuo,
542 1123 593 1187 dic
610 1123 709 1199 sodes,
725 1122 874 1186 nomine?
920 1123 948 1194 ii
963 1124 1087 1207 Nempe

224 1226 283 1291 Vir
293 1224 394 1291 bonus
409 1239 440 1290 et
462 1225 597 1309 prudens
608 1223 675 1287 diei
687 1223 826 1287 deieetor
837 1247 898 1309 ego
913 1247 949 1290 ae
963 1239 1007 1289 tu.

225 1328 255 1400 ii
271 1328 334 1406 Qui
348 1328 435 1391 dedit
448 1326 509 1391 hoe
528 1325 633 1402 hodie,
650 1346 728 1403 cras,
745 1325 878 1404 sivolet,
893 1325 1028 1400 auferet3
1052 1339 1091 1390 ut
1105 1327 1132 1389 si

224 1429 383 1495 Detulerit
395 1428 493 1494 fasces
509 1428 649 1511 indigno,
665 1426 807 1492 detrahet
822 1427 915 1493 idem.

226 1535 324 1611 Pone,
340 1554 442 1596 meum
458 1543 517 1609 est,
532 1530 653 1616 inquit:
676 1552 758 1614 pono
779 1531 936 1617 tristisque
953 1532 1073 1595 recedo.
1178 1533 1224 1596 35

227 1637 316 1699 Idem
332 1635 358 1698 si
374 1634 487 1698 clamet
500 1633 612 1710 furem,
628 1644 721 1716 neget
736 1654 802 1696 esse
816 1633 978 1716 pudicum,

226 1736 404 1802 contendat
416 1736 529 1821 'laqueo
544 1735 658 1798 collum
674 1735 821 1818 pressisse
834 1746 1009 1818 paternam

227 1840 377 1903 Mordeat
391 1837 566 1922 opprobriis
580 1836 677 1914 falsis,
693 1850 872 1921 mutantque
884 1837 1027 1901 colores?

227 1942 341 2005 Falsus
355 1940 454 2003 honor
463 1939 568 2022 juvat,
582 1950 614 2000 et
628 1939 764 2002 mendox
779 1939 907 2005 infamis
922 1951 1025 2016 terret,

228 2040 408 2121 Quem,nisi
418 2037 597 2103 mendosum
608 2052 640 2102 et
649 2039 885 2103 medicandum?
900 2042 957 2104 Vir
965 2043 1120 2105 bontnsst
1129 2041 1223 2124 quis?

228 2143 291 2222 Qui
306 2141 447 2208 nonanita
460 2153 596 2226 patrum,
612 2141 667 2226 qui
681 2141 765 2226 leges
775 2143 909 2227 juraque
923 2156 1044 2218 servat3
1179 2145 1221 2207 41

229 2249 302 2325 Quo
314 2243 424 2310 multae
437 2264 621 2328 magnaeque
637 2258 780 2308 secantur
789 2244 899 2330 judioe
913 2245 1004 2318 lites3

230 2351 301 2428 Quo
314 2370 363 2413 rea
378 2368 523 2433 sponsore
537 2362 569 2410 et
583 2369 645 2432 quo
659 2366 763 2413 causae
777 2360 855 2411 teste
870 2360 1033 2411 tenentur:

231 2453 293 2516 Sed
309 2452 395 2517 videt
407 2451 493 2514 hunc
508 2451 607 2514 omnis
621 2451 732 2514 domus
745 2463 777 2513 et
791 2448 907 2512 ricinia
921 2461 988 2513 tota

232 2556 389 2617 Introrsus
403 2566 537 2635 turpem,
553 2552 724 2637 speciosum
739 2551 821 2635 pelle
836 2552 957 2616 deeora
1182 2554 1225 2615 45

231 2655 299 2718 Noc
313 2653 430 2718 furtum
444 2652 516 2728 feei,
538 2675 595 2717 nee
608 2653 688 2737 fugi,
704 2654 730 2717 si
745 2653 823 2717 mibi
838 2654 922 2719 dicat

232 2758 364 2819 Servus:
390 2755 498 2817 Habes
513 2755 659 2837 pretium,
677 2756 749 2819 loris
764 2777 826 2819 non
842 2756 950 2833 uraris,
962 2754 1019 2818 sio.

231 2857 266 2942 ῚῙ
280 2854 519 2919 Nonhominem
536 2855 654 2919 occidi:
680 2856 800 2942 ssNon
816 2879 923 2941 pasees
936 2856 970 2919 in
983 2879 1075 2920 eruce
1090 2876 1209 2920 corvos.
1279 2915 1284 2921 .

230 2960 266 3046 qi
281 2962 356 3023 Sum
372 2958 481 3032 bonus,
497 2970 527 3020 et
541 2957 644 3040 frugi:
668 2958 704 3044 qi
717 2959 837 3022 Renuit
852 2960 1029 3044 negitatque
1042 2958 1203 3023 Sabellus:

233 3061 353 3124 Cautus
368 3058 449 3122 enim
467 3057 577 3122 metuit
592 3058 714 3122 foveam
730 3058 834 3144 lupus,
846 3061 1052 3146 ancipitesque
1182 3062 1227 3122 50

233 3164 398 3246 Suspectos
412 3161 549 3247 laqueos,
562 3174 593 3225 et
605 3174 745 3245 opertum
759 3163 875 3231 miiiius
889 3164 1027 3228 barum.

232 3265 376 3327 Oderunt
390 3285 516 3347 peceare
531 3264 604 3326 boni
621 3263 744 3328 virtutis
759 3286 880 3340 amore3

233 3366 287 3427 Tu
302 3363 382 3427 nihil
397 3363 541 3427 admittes
555 3364 587 3426 in
604 3377 634 3426 te
649 3363 813 3430 formidine
826 3388 948 3451 poenae:

233 3466 282 3528 Sit
297 3487 366 3549 spes
380 3463 520 3542 fallendi,
531 3465 674 3530 miscebis
688 3489 774 3532 saera
790 3468 935 3551 profanis.

232 3570 316 3632 Nam
330 3569 370 3631 de
385 3568 469 3631 mille
484 3568 565 3633 fabae
581 3570 693 3633 modiis
708 3592 778 3634 cum
795 3571 922 3655 surripis
940 3592 1049 3647 unum,
1182 3573 1226 3633 55

232 3673 391 3733 Damnum
407 3686 463 3750 est,
479 3694 540 3735 non
555 3673 675 3737 facinus
691 3673 768 3737 mihi
783 3687 874 3757 pacto
888 3673 989 3737 lenius
1003 3673 1072 3736 isto.

232 3773 290 3834 Vir
300 3774 409 3849 bonne,
425 3797 514 3838 omne
529 3777 629 3839 forum
645 3797 736 3860 quem
758 3787 878 3858 spectat
893 3788 925 3838 et
940 3795 1031 3841 omne
1043 3771 1193 3850 tribunal,

233 3874 487 3958 Quandocunque
503 3877 589 3938 Deos
605 3876 654 3938 vel
669 3898 761 3959 poteo
776 3876 826 3939 vei
841 3876 922 3940 bove
937 3876 1051 3961 placat,

231 3979 253 4039 J
257 4000 314 4041 ane
329 3989 426 4062 pater,
442 3976 534 4051 clare,
551 3977 632 4039 clare
643 3998 713 4038 cum
729 3977 822 4049 dixit,
840 3978 977 4059 Apolio:

233 4079 338 4142 Labra
352 4092 465 4156 movet,
478 4093 618 4142 metuens
632 4077 752 4141 audiri:
779 4077 916 4142 Pulchra
931 4080 1087 4154 Laverna,
1182 4076 1229 4140 60

233 4180 285 4243 Da
300 4180 377 4243 mibi
393 4179 509 4258 fallere,
527 4181 567 4245 da
576 4181 663 4265 justo
678 4191 845 4265 sanctoque
859 4180 958 4244 videri
971 4207 980 4253 ;
