2872 5010
209 418 275 481 ³240
532 438 563 483 tr.
587 434 734 479 rronnrrr
760 433 884 477 macor

208 588 276 651 Nec
290 587 335 650 sic
349 584 490 672 incipies,
505 601 541 652 ut
557 586 687 673 scriptor
697 585 833 671 cyclicus
843 585 917 649 olim
930 608 940 656 ς

207 690 411 754 “Fortunam
429 690 545 755 Priami
561 691 691 755 cantabo
706 702 738 753 ct
752 689 856 752 nobile
871 687 1016 752 bellum.”

207 791 292 870 Quid
307 792 436 878 dignum
452 808 539 858 tauto
553 792 632 857 feret
647 792 699 856 hic
713 792 878 876 promissor
892 790 1005 853 hictu?

206 896 389 960 Parturiunt
404 912 535 975 montes,
550 909 693 960 nascetur
707 894 856 958 ridiculus
872 915 951 956 mus.

206 999 331 1075 Quanto
344 999 458 1062 rectius
473 998 535 1076 hic,
551 997 604 1083 qui
619 995 662 1059 nil
680 995 807 1059 molitur
819 997 938 1078 inepte:
1137 994 1208 1057 lto

207 1102 229 1130 “
242 1099 305 1163 Dic
319 1098 407 1173 mihi,
426 1097 531 1173 Musa,
543 1099 655 1170 virum,
671 1111 771 1180 captae
787 1110 856 1180 post
872 1108 1011 1180 temporo
1024 1095 1146 1180 Trojac,

206 1199 301 1276 “Qui
316 1220 414 1263 mores
428 1199 586 1262 hominum
603 1199 769 1261 multorum
787 1197 866 1261 vidit
881 1211 912 1261 et
927 1199 1047 1262 urbes.”

205 1300 278 1363 Nou
292 1299 412 1363 fumum
425 1323 466 1365 ex
480 1300 613 1384 fulgore,
626 1301 680 1363 sed
695 1322 733 1364 ex
747 1299 834 1362 sumo
849 1300 924 1364 dare
939 1300 1039 1364 lucem

205 1400 344 1484 Cogitat,
359 1416 395 1466 ut
410 1402 549 1487 speciosa
563 1402 677 1466 dehinc
691 1402 841 1465 miracula
855 1414 985 1485 pmmat,

204 1504 410 1589 Antiphaten,
425 1506 633 1591 Scyllamque,
646 1518 676 1569 ct
692 1527 761 1568 cum
775 1504 913 1588 Cyclope
926 1501 1108 1587 Charybdin
1117 1527 1126 1576 ;
1135 1504 1202 1566 145

204 1607 274 1671 Nec
288 1609 421 1672 reditum
437 1609 600 1672 Diomedis
612 1610 651 1671 ab
663 1607 789 1670 interitu
805 1605 967 1689 Meleagri,

204 1710 273 1774 Nec
287 1711 411 1795 gemino
427 1710 544 1774 bellum
564 1711 737 1795 'l'rojanum
753 1709 873 1773 orditur
888 1707 927 1770 ab
942 1729 1011 1769 ovo.

205 1811 334 1896 Semper
349 1813 387 1875 ad
403 1826 548 1876 eventum
564 1811 702 1889 festinat,
719 1811 796 1874 etin
812 1810 928 1873 medias
943 1831 1002 1882 res,

205 1915 278 1977 Non
294 1936 381 1977 secus
396 1935 432 1977 ac
446 1927 545 1987 notas,
561 1913 733 1975 auditorem
746 1912 838 1994 rapit,
853 1924 884 1974 et
898 1933 968 1994 qum

204 2015 359 2098 Desperat
375 2026 507 2076 tractata
521 2013 670 2074 nitescere
685 2035 785 2096 posse,
801 2012 965 2095 relinquit3
1134 2013 1200 2076 150

203 2116 307 2200 Atque
321 2116 365 2179 ita
379 2114 538 2190 mentitur,
555 2112 598 2176 sic
614 2114 693 2177 veris
707 2113 784 2177 falsa
800 2113 951 2189 remiscet,

203 2216 312 2281 Primo
327 2240 367 2281 ne
378 2217 525 2292 medium,
540 2215 641 2278 medio
656 2238 695 2279 nc
711 2216 863 2300 discrepet
878 2215 985 2278 imum.

205 2322 270 2396 Tu,
286 2321 362 2405 quid
377 2342 445 2404 ego,
461 2333 492 2381 et
507 2316 640 2401 populus
656 2340 774 2382 mecum
787 2318 950 2394 desideret,
965 2318 1048 2382 audi.

204 2421 237 2486 Si
253 2422 404 2506 plausoris
418 2443 490 2506 eges
505 2421 604 2484 auleca
619 2422 783 2496 manentis,
799 2436 830 2485 ct
844 2443 943 2506 usque

203 2524 324 2588 Sessuri
336 2525 433 2588 donec
449 2535 566 2599 cautor,
583 2523 647 2585 l'os
661 2523 812 2606 plaudite,
828 2522 923 2599 dicat,
1131 2525 1197 2588 155

202 2623 324 2690 AEtatis
339 2627 487 2711 cujusque
502 2625 630 2688 notandi
647 2639 719 2688 sunt
735 2625 790 2688 tibi
806 2646 923 2697 morcs;

201 2728 434 2813 Mobilibusquc
451 2728 543 2790 decor
557 2726 676 2790 naturis
690 2728 811 2792 dandus
825 2740 856 2790 et
871 2726 970 2791 annis.

201 2828 347 2892 Reddere
361 2828 415 2911 qui
431 2850 520 2890 voces
530 2828 597 2909 jam
613 2829 671 2890 scit
686 2849 772 2909 puer,
789 2841 819 2890 et
835 2829 913 2911 pede
928 2843 1010 2891 certo

202 2933 311 3016 Signat
322 2930 463 3004 humum,
479 2927 573 3010 gestit
589 2927 714 3009 paribus
729 2929 895 3007 colludere,
912 2944 942 2993 et
954 2931 1031 2994 iram

200 3033 331 3118 Colligit
345 3053 380 3096 ac
389 3029 483 3122 ponit
497 3042 623 3106 temere,
639 3040 670 3090 ct
685 3040 821 3091 mutatur
837 3029 868 3091 in
885 3030 988 3096 horas,
1128 3032 1193 3098 160

201 3138 363 3201 lmbcrbus
373 3133 511 3219 juvenis,
528 3133 651 3197 tandem
668 3131 794 3195 custode
809 3147 938 3212 remoto,

199 3238 327 3300 Gaudet
342 3236 428 3318 equis
444 3234 645 3317 canibusque,
661 3247 692 3298 et
707 3234 803 3317 aprici
817 3236 956 3320 gramine
969 3238 1092 3322 campi;

198 3338 314 3399 Cereus
330 3335 360 3396 in
374 3334 484 3395 vitium
501 3332 595 3410 flecti,
612 3336 816 3399 monitoribus
830 3361 932 3422 asper,

197 3436 334 3500 Utilium
350 3434 456 3497 tardus
471 3434 622 3517 provisor,
639 3436 788 3520 prodigus
805 3440 887 3518 aeris,

197 3536 356 3613 Sublimis,
368 3535 571 3624 cupidusque,
588 3552 619 3602 et
634 3551 736 3603 amata
750 3539 923 3626 relinquere
936 3537 1053 3623 pernix.
1124 3537 1189 3603 165

196 3640 364 3705 Conversis
379 3639 503 3719 studiis,
519 3654 595 3706 aetas
607 3642 788 3726 animusque
803 3641 901 3705 virilis

195 3741 317 3818 Quaerit
332 3764 406 3824 opes
420 3755 452 3805 et
466 3743 629 3821 amicitias,
646 3744 774 3807 inservit
789 3743 909 3820 honori,

195 3843 394 3907 Commisisse
409 3854 497 3904 cavet
512 3843 596 3925 quod
612 3866 683 3906 mox
699 3859 817 3909 mutare
832 3846 959 3908 laboret.

194 3945 301 4007 Multa
318 3963 420 4006 senem
437 3941 683 4006 circumveniunt
699 3944 912 4020 incommodam
938 3944 988 4009 vel
1003 3946 1087 4031 quod

192 4043 324 4120 Qumrit,
341 4056 372 4105 ct
387 4041 522 4104 inventis
538 4041 631 4104 miser
645 4043 792 4120 abstinet,
808 4068 844 4109 ac
861 4047 948 4109 timct
964 4047 1031 4118 uti,
1123 4046 1188 4130 170

191 4146 249 4208 Vel
265 4143 347 4225 quod
362 4164 410 4204 res
425 4162 531 4206 omnes
543 4141 652 4206 timide
667 4144 831 4229 gelideque
846 4147 1011 4223 ministrat,
