2872 5010
521 510 710 554 sunnonurs
741 511 807 554 urs.
832 513 854 555 1.
877 494 908 557 8.

222 661 390 737 Quodnisi
405 660 566 730 concedas,
581 660 713 725 habeare
727 659 877 739 insuavis,
900 663 1039 740 acerbus,
1167 669 1211 730 85

221 761 326 824 Odisti
342 777 373 826 et
387 761 482 845 fugis,
504 775 541 825 ut
555 763 716 826 Rusonem
732 762 854 826 debitor
868 761 958 825 aeris:

223 863 295 939 Qui,
318 863 378 926 nisi
394 885 463 926 cum
480 862 583 926 tristes
596 863 709 926 misero
724 885 835 927 venere
851 863 1010 941 Caleudoe,

223 964 402 1027 Mercedem
416 977 471 1028 aut
484 985 628 1026 nummos
643 964 726 1027 unde
742 964 825 1027 unde
840 963 981 1043 extricat,
997 988 1116 1032 aruaras

222 1064 369 1128 Porrecto
379 1063 491 1150 jugulo
505 1063 661 1142 historias,
677 1066 819 1149 captivus
833 1079 881 1143 ut,
900 1067 997 1131 audit.

222 1165 413 1228 Comminxit
427 1166 541 1229 lectum
557 1168 661 1251 potus,
676 1189 821 1231 mensave
837 1168 976 1233 catillum
1171 1179 1215 1245 90

221 1266 361 1330 Evandri
376 1266 519 1330 manibus
534 1267 641 1331 tritum
656 1268 788 1353 dejecit3
813 1270 853 1333 ob
867 1269 949 1335 lrano
964 1293 1039 1350 rem,

221 1367 291 1429 Aut
305 1368 440 1453 positum
456 1382 527 1431 ante
543 1389 611 1431 mea
626 1369 698 1452 quia
712 1370 833 1454 pullum
849 1371 881 1432 in
897 1384 988 1455 parte
1000 1375 1094 1437 catini

223 1468 357 1532 Sustulit
371 1470 519 1544 esuriens,
536 1470 639 1532 minus
654 1469 713 1533 hoc
723 1470 884 1554 jucundus
899 1472 1017 1535 amicus

223 1569 272 1632 Sit
286 1569 390 1632 mihi?
435 1569 521 1648 Quid
534 1569 644 1632 faciam
663 1570 689 1632 si
703 1570 821 1632 furtum
837 1569 967 1634 fecerit?
990 1586 1045 1638 aut
1059 1577 1085 1638 si

224 1670 404 1732 Prodiderit
419 1669 581 1732 commissa
596 1668 681 1731 fide?
705 1690 890 1750 sponsumve
905 1673 1050 1752 negarit?
1173 1681 1215 1746 95

226 1771 321 1846 Queis
336 1771 423 1853 paria
437 1791 502 1832 csse
517 1770 580 1831 fere
594 1768 712 1851 placuit
727 1781 864 1851 peccata,
879 1769 1031 1848 laborant,

226 1871 307 1933 Cum
324 1884 449 1934 ventum
467 1871 506 1933 ad
523 1890 627 1933 verum
645 1883 709 1933 cst:
734 1890 841 1932 sensus
856 1890 1016 1954 moresque
1030 1893 1217 1958 repugnant,

224 1973 333 2055 Atque
348 1972 415 2054 ipsa
429 1970 559 2048 utilitas,
568 1971 650 2055 justi
665 1992 762 2054 prope
777 1983 875 2033 mater
889 1984 921 2034 et
935 1973 1026 2057 aequi.

226 2073 305 2136 Cum
321 2085 538 2156 prorepsenmt
553 2070 661 2156 primis
675 2072 821 2136 animalia
836 2072 936 2149 terris,

225 2174 353 2235 Mutum
364 2188 395 2235 et
404 2186 495 2257 turpe
504 2195 610 2256 pecus,
620 2172 765 2255 glandem
776 2186 868 2256 atque
876 2173 993 2237 cubilia
1000 2189 1136 2260 propter,
1153 2179 1220 2243 100

225 2273 395 2355 Unguibus
410 2286 441 2336 et
455 2271 582 2357 pugnis,
597 2272 669 2335 dein
681 2273 827 2349 fustibus,
844 2286 937 2356 atque
950 2272 995 2337 ita
1008 2296 1100 2358 porro

227 2372 416 2456 Pugnabant
430 2372 533 2449 armis,
550 2393 620 2455 quae
634 2386 705 2455 post
719 2371 922 2436 fabricaverat
936 2394 1029 2448 usus;

226 2474 337 2536 Donec
353 2473 456 2551 verba,
473 2472 585 2557 quibus
601 2493 691 2535 voces
707 2493 874 2556 sensusque
887 2487 1040 2553 notarent,

227 2573 424 2658 Nominaque
439 2574 600 2637 invenere:
615 2571 737 2637 dehinc
752 2573 898 2636 absistere
912 2573 1003 2652 bello,

228 2674 354 2757 Oppida
368 2687 529 2757 coeperunt
543 2673 675 2750 munire,
691 2687 722 2737 et
735 2695 850 2758 ponere
863 2673 1020 2758 leges,¹
1156 2681 1217 2746 105
1317 2713 1320 2717 ,

228 2777 277 2838 Ne
293 2775 362 2859 quis
377 2775 427 2836 fur
441 2787 531 2849 esset,
553 2796 616 2837 neu
630 2774 720 2851 latro,
743 2796 804 2838 neu
819 2775 888 2859 quis
904 2776 1034 2841 adulter.

227 2876 309 2938 Nam
324 2875 384 2938 fuit
399 2890 471 2939 ante
486 2875 640 2937 Helenam
658 2897 778 2937 cunnus
794 2874 949 2939 teterrima
963 2877 1036 2941 belli

228 2977 347 3039 Causa:
372 2978 425 3039 sed
440 2976 553 3060 ignotis
568 2977 726 3060 perierunt
742 2976 890 3039 mortibus
905 2976 963 3052 illi,

229 3079 313 3154 Quos
328 3079 478 3140 Venerem
493 3078 639 3140 incertam
656 3077 810 3160 rapientes
825 3097 909 3138 more
923 3076 1054 3141 ferarum

228 3177 353 3240 Viribus
369 3177 480 3240 editior
494 3178 647 3253 caedebat,
667 3177 748 3240 utin
763 3198 857 3261 grege
872 3191 987 3240 taurus.
1155 3184 1220 3246 110

228 3279 251 3340 J
253 3299 308 3340 ura
322 3277 450 3340 inventa
465 3290 549 3339 metu
565 3277 671 3361 injusti
685 3277 801 3340 fateare
815 3299 938 3340 necesse
953 3292 1010 3356 est,

229 3378 387 3461 Tempora
401 3376 427 3439 si
441 3376 598 3460 fastosque
613 3378 690 3440 velis
705 3379 846 3442 evolvere
860 3379 979 3442 muudi.

228 3479 259 3540 N
262 3500 296 3542 ec
310 3489 420 3540 natura
435 3489 535 3559 potest
545 3478 632 3562 justo
648 3501 804 3543 secernere
819 3479 971 3562 iniquum,

227 3577 353 3640 Dividit
368 3590 403 3639 ut
419 3578 499 3640 bona
514 3579 657 3654 diversis,
679 3579 827 3662 fugienda
842 3581 994 3663 petendis.

227 3678 294 3740 Nec
309 3677 412 3740 vincet
427 3677 505 3740 ratio
521 3676 590 3753 hoc,
615 3680 797 3743 tantundem
814 3694 849 3744 ut
863 3696 971 3764 peccet
985 3683 1128 3770 idemque
1154 3689 1218 3752 115

226 3778 289 3855 Qui
305 3792 424 3841 teneros
439 3778 542 3842 caules
559 3779 651 3842 alieni
665 3779 793 3864 fregerit
808 3781 902 3860 horti,

225 3879 271 3940 Et
285 3877 339 3962 qui
353 3891 522 3941 nocturnus
538 3900 624 3942 sacra
639 3879 745 3943 divum
762 3880 880 3965 legerit.
925 3885 1023 3949 Adsit

226 3977 360 4062 Regula,
384 3979 517 4060 peccatis
532 4001 602 4063 quae
616 4002 725 4063 poenas
740 3983 854 4066 irroget
869 4006 991 4069 aequas:

227 4079 277 4141 Ne
292 4078 409 4142 scutica
424 4080 552 4162 dignum
570 4080 710 4145 horribili
725 4097 841 4148 sectere
856 4084 988 4169 flagello.

227 4179 320 4255 Nam,
344 4193 378 4242 ut
392 4180 490 4246 ferula
504 4181 605 4245 coedas
619 4183 762 4261 meritum
778 4187 894 4270 majora
908 4186 1011 4251 subire
1029 4210 1041 4229 -’
1156 4189 1219 4250 luo
